2706 5040
498 535 714 600 LECTORI.
1090 537 1113 598 9

109 722 317 787 sustinuerint
328 745 439 787 vocare
454 745 528 786 eum
542 706 677 787 Podtam
693 719 920 784 Christianum.
966 719 1112 784 Pithaeus

107 833 263 896 abstinuit
287 832 343 895 tali
365 833 534 896 donatione
556 833 659 896 solum
680 831 835 895 Attilium
855 832 920 895 sive
943 831 1112 896 Caecilium

110 941 263 1006 Severum
278 943 326 1006 ita
340 943 517 1007 nominans.

170 1051 225 1114 An
243 1052 305 1114 illis
325 1052 508 1116 hominibus
531 1062 564 1116 et
579 1051 724 1116 Weitzio
737 1051 831 1136 plura
846 1051 1005 1136 indulgeri
1020 1073 1113 1136 opor-

108 1173 187 1239 teat,
224 1172 282 1226 aut
308 1163 405 1226 etiam
432 1163 549 1246 largior
576 1173 609 1225 et
638 1162 763 1247 plenior
790 1162 959 1245 contigerit
983 1162 1114 1226 licentia

109 1272 331 1356 appellationis
367 1272 569 1356 ampliandae,
606 1272 754 1336 viderint.
824 1271 1012 1337 Quinimmo
1047 1295 1113 1336 non

109 1380 262 1443 sustinuit
283 1381 318 1443 id
339 1392 523 1466 perpetrare
547 1381 598 1444 Jo.
626 1380 744 1445 Savaro
764 1382 799 1444 in
823 1382 1049 1445 commentario
1073 1381 1113 1444 ad

110 1489 278 1553 Sidonium
302 1490 525 1574 Apollinarem
548 1492 598 1554 bis
622 1515 696 1558 eum
720 1492 831 1570 citans,
855 1501 926 1555 tum
946 1491 988 1554 ob
1007 1491 1114 1554 locum

110 1621 205 1682 quem
223 1601 291 1684 jam
312 1599 448 1662 indicavi
469 1600 510 1663 ad
531 1600 651 1663 librum
675 1620 726 1663 xu
751 1623 802 1684 ep.
826 1602 859 1678 3,
889 1611 959 1663 tum
982 1610 1114 1684 propter

109 1693 304 1793 crepitacula
323 1707 376 1770 hic
397 1718 572 1771 memorata
592 1709 633 1771 ad
651 1708 770 1772 librum
793 1730 819 1772 11
844 1711 936 1794 epist.
961 1714 993 1788 2,
1017 1711 1115 1773 semel

107 1841 223 1883 vocans
236 1818 467 1880 Endeler'clmm
482 1818 663 1895 Rhetorem,
687 1819 793 1882 denuo
804 1821 1016 1883 Endelichum
1029 1821 1117 1884 Iste-

110 1941 225 2002 torcm‚·
246 1951 305 1991 nec
318 1927 463 2011 amplius.
504 1927 592 1991 Hinc
608 1928 728 2012 Caspar
740 1928 893 1992 Barthius
906 1951 992 2013 saepe
1004 1929 1116 1993 solitus

107 2039 179 2101 loca
191 2037 333 2122 ejusdem
343 2036 513 2100 sententiae
527 2059 569 2099 ex
580 2037 727 2120 pluribus
739 2038 923 2101 auctoribus
935 2060 1114 2121 congerere,

109 2146 247 2210 ostendit
268 2146 329 2209 sibi
348 2168 477 2229 quoque
494 2146 529 2209 id
548 2145 679 2224 lectum,
702 2157 740 2211 ut
758 2148 872 2211 citaret
892 2148 932 2211 de
953 2148 1115 2212 celeritate

109 2258 215 2320 damni
230 2267 302 2320 octo
317 2279 426 2320 versus
447 2256 532 2332 inde,
557 2257 675 2340 quibus
697 2258 889 2341 praescribit:
912 2258 988 2322 Non
1003 2260 1115 2324 inscite

109 2367 298 2429 describitur
310 2388 330 2427 a
343 2365 458 2429 Severo
470 2365 621 2443 Rhetore,
645 2365 687 2429 ad
699 2366 796 2430 Statii
809 2366 975 2430 Thebaida
987 2387 1025 2430 rx
1039 2390 1113 2451 pag.

109 2476 183 2539 955.
230 2475 279 2538 At
298 2476 353 2538 ille
374 2475 478 2539 indice
499 2475 644 2558 signatur
665 2475 801 2540 Severus
825 2476 1051 2554 Endeleichus,
1075 2477 1114 2539 de

111 2607 175 2667 quo
198 2593 368 2668 propterea
390 2583 472 2646 nihil
495 2585 621 2648 scivisse
646 2583 817 2649 Barthium
837 2585 962 2668 colligo,
985 2585 1116 2648 solitum

111 2695 231 2778 alioqui
243 2696 383 2758 libenter
397 2695 436 2757 de
451 2695 663 2777 ignotioribus
677 2696 774 2758 verba
787 2694 901 2758 facere.

176 2804 327 2887 Denique
342 2804 401 2867 etsi
415 2802 497 2864 nihil
509 2803 645 2886 amplius
661 2802 700 2865 de
713 2825 751 2865 eo
765 2804 932 2885 proferret,
947 2828 1006 2868 nec
1021 2807 1116 2870 sciret

111 2934 199 2989 sane,
210 2913 308 2975 etiam
317 2910 521 2975 Hofmannus
530 2911 564 2972 in
572 2910 679 2973 lexico
690 2932 865 2974 memorare
878 2913 1030 2976 sustinuit
1038 2915 1113 2979 ista:

112 3027 134 3058 “
148 3023 374 3100 Endeleichus,
412 3022 463 3086 vel
494 3022 630 3085 Severus
670 3020 818 3097 Sanctus,
856 3020 983 3086 Rhetor
1012 3024 1116 3091 Poeta

112 3132 322 3208 Christianus,
346 3131 478 3216 Eclogae
494 3131 533 3194 de
547 3130 704 3194 mortibus
718 3131 818 3193 boum
838 3141 957 3196 auctor.
1003 3134 1116 3200 Edidit

109 3241 197 3303 illam
210 3240 360 3304 Pithoeus
374 3239 417 3304 A.
433 3239 470 3304 C.
490 3240 584 3304 1590.
625 3239 666 3302 In
679 3238 739 3303 hac
753 3239 929 3303 introducit
940 3241 1116 3309 Ethnicum

111 3350 328 3434 deplorantem
338 3351 559 3434 jumentorum
570 3349 808 3427 mortalitatem,
831 3359 865 3413 et
887 3349 1114 3432 Christianmn,

112 3459 316 3523 Providentia
331 3459 396 3522 Dei
409 3459 582 3543 proposita,
606 3481 680 3521 eum
694 3459 895 3542 errigentem.
935 3459 974 3524 Τ.
991 3462 1012 3524 8
1027 3461 1114 3528 Bibl.

112 3568 172 3653 Pp.
196 3569 273 3632 edit.
296 3567 349 3632 2.”
381 3567 561 3632 Prudenter
578 3579 715 3653 uterque
735 3592 801 3632 non
820 3569 894 3654 plus
910 3570 997 3646 dicit,
1019 3594 1117 3654 quam

113 3678 244 3742 sciebat.

170 3785 286 3871 Itaque
302 3786 389 3870 quod
403 3796 478 3850 ante
492 3787 615 3865 distuli,
626 3789 695 3873 jam
709 3787 844 3871 proferri
860 3795 996 3868 oportet.
1030 3787 1117 3852 Nam

109 3896 289 3958 inconsulte
304 3896 475 3960 admodum
488 3896 566 3959 fecit
583 3896 631 3960 Cl.
651 3895 811 3972 Pithoeus,
831 3916 932 3978 quum
946 3894 1117 3979 appellavit

109 4006 171 4070 hoc
201 4029 327 4070 carmen
351 4007 543 4083 bucolicum,
571 4005 742 4090 plerisque,
772 4013 811 4067 ut
836 4004 953 4089 patuit,
982 4028 1117 4090 sequen·

109 4116 213 4193 tibus3
246 4117 333 4201 quod
354 4126 525 4201 propterea
547 4116 659 4179 leviter
682 4115 762 4178 adeo
783 4115 949 4199 praeterire
971 4115 1118 4199 nequivit

110 4225 285 4304 Weitzius,
305 4237 343 4291 ut
359 4227 435 4291 huic
457 4226 663 4312 appellationi
684 4226 875 4291 annexuerit
894 4226 975 4288 hanc
992 4233 1115 4287 notamr
