2706 5040
172 506 194 568 s
457 455 463 464 ’
569 503 786 569 Lucrum.

171 689 301 766 notitia;
317 689 392 751 hinc
407 688 557 752 discimus
572 689 696 773 aliquid
716 690 863 774 amplius
887 691 943 754 sed
964 692 1055 775 quod
1079 693 1188 777 ipsum

171 821 237 862 non
267 799 361 862 satiat
389 799 485 883 plene
515 801 612 877 sitim,
654 810 813 885 quantum
848 801 980 885 quidem
1011 804 1186 886 potuisset.

175 907 261 973 Quae
283 910 369 972 enim
388 909 452 971 illic
471 909 692 993 inexspectata
715 921 772 974 aut
792 911 903 994 ignota
922 912 1043 975 mentio
1067 912 1186 975 codicis

172 1016 344 1081 Vaticani?
388 1018 577 1084 Necessaria
604 1029 690 1096 sunt,
721 1030 759 1084 ut
787 1020 893 1083 omnia
920 1021 1001 1084 fiant
1027 1021 1184 1104 planiora,

171 1126 252 1210 ipsa,
283 1138 381 1211 prout
409 1127 596 1191 sirmondus
624 1129 760 1212 scripsit,
791 1131 888 1192 verba
914 1129 1090 1193 doctissimi
1113 1131 1183 1207 viri,

173 1237 231 1306 ubi
261 1238 468 1301 recitationes
500 1237 614 1301 Romae
646 1239 716 1301 fieri
746 1239 847 1303 solitis
876 1240 911 1303 in
941 1239 1074 1304 diversis
1107 1241 1183 1304 foris

173 1369 362 1424 memorans,
385 1358 459 1431 post
482 1347 544 1410 alia
568 1348 692 1411 scribit:
726 1349 809 1412 “De
832 1348 901 1412 foro
926 1348 1055 1426 Martis,
1084 1349 1184 1413 index

175 1461 298 1520 “vetus
320 1457 484 1520 adnotatio
504 1457 538 1518 in
559 1458 666 1521 codice
682 1457 866 1541 Apuleiano
885 1457 1099 1522 Bibliothecae
1115 1458 1182 1523 Va·

175 1572 198 1600 “
213 1566 327 1628 ticanae
351 1565 402 1631 his
431 1566 550 1630 verbis:
582 1569 654 1652 Epo
682 1569 842 1631 Salustius
870 1569 933 1653 tegi
963 1578 994 1632 et
1020 1571 1184 1633 emendavi

176 1682 197 1712 “
207 1678 320 1742 Romae
325 1677 473 1759 feliciter
487 1678 617 1762 Olybrio
633 1688 665 1741 et
678 1679 815 1740 Prohinc
830 1678 913 1741 Coss.
927 1681 962 1740 in
968 1681 1045 1761 seno
1060 1680 1184 1742 Martis

176 1791 197 1821 “
214 1788 455 1850 controversiam
477 1786 657 1849 declamans
682 1788 802 1848 oratori
821 1787 1036 1849 Endelecbio:
1058 1789 1184 1850 Rursus

175 1901 198 1933 “
220 1898 492 1982 Constantinopoli
520 1899 684 1981 recognovi
718 1898 856 1960 Caesonio
893 1907 923 1960 et
952 1898 1064 1960 Attico
1099 1899 1182 1960 Coss.

178 2013 199 2043 “
215 2008 291 2074 Quo
321 2032 363 2072 ex
391 2008 463 2071 loeo
489 2017 646 2092 praeterea
672 2006 832 2084 doeemur,
864 2030 929 2091 quo
958 2017 1103 2090 tempore
1135 2029 1184 2070 ca-

177 2123 200 2153 “
213 2119 359 2181 thedram
374 2117 489 2181 Romae
505 2118 646 2180 tenuerit
661 2116 877 2180 Endelechius
894 2115 1036 2193 Rhetor,
1046 2117 1107 2179 hoc
1124 2129 1183 2194 est,

176 2231 199 2260 “
213 2236 251 2287 ut
265 2227 470 2308 interpretor,
488 2225 624 2288 Severus
639 2227 775 2289 Sanctus
789 2225 1015 2303 Endelechius,
1032 2237 1141 2291 orator
1153 2239 1185 2292 et

180 2339 313 2417 “poeta
330 2332 540 2409 Christianus,
565 2335 655 2417 cujus
677 2345 768 2397 extat
783 2335 879 2397 breve
897 2357 1023 2398 carmen
1041 2335 1081 2398 de
1099 2359 1184 2401 mor-

178 2450 200 2490 “·
211 2443 298 2506 tibus
307 2444 420 2506 boum:
433 2465 615 2527 quanquam
625 2444 729 2506 aetatis
738 2444 875 2507 alterum
884 2454 952 2507 erat
961 2456 1185 2526 argumentum

179 2557 201 2596 “
216 2575 259 2614 ex
274 2551 421 2628 Paulin0,
445 2551 502 2635 qui
523 2550 722 2628 Endelechii,
746 2563 784 2616 ut
799 2553 891 2615 amici
907 2552 966 2629 sui,
989 2553 1136 2616 meminit
1150 2555 1185 2617 in

177 2667 199 2696 “
214 2661 306 2745 epist.
324 2681 362 2723 1x
378 2661 419 2723 ad
435 2660 597 2723 Severum.

243 2770 328 2836 Quae
352 2770 460 2834 nullus
482 2771 657 2834 diffiteatur
677 2793 744 2834 esse
769 2771 897 2855 egregia
917 2782 950 2835 et
974 2772 1099 2854 erudite
1120 2773 1185 2836 col-

176 2881 252 2957 lata,
282 2881 308 2944 si
329 2881 424 2944 modo
444 2879 593 2966 progredi
618 2904 656 2943 eo
680 2903 782 2963 usque
806 2881 892 2956 licet,
923 2891 961 2943 ut
983 2881 1054 2944 haec
1079 2883 1186 2945 omnia

176 2992 212 3054 in
228 3014 330 3054 unum
351 2992 555 3075 eundemque
577 2989 821 3065 Endelechium,
845 2991 1027 3073 etquidem
1047 2991 1081 3052 in
1097 2991 1184 3054 huno

177 3102 283 3187 ipsum
297 3102 410 3165 referri
421 3102 537 3165 debere
553 3123 746 3176 censeamus,
770 3122 871 3183 quum
884 3100 993 3183 plures
1005 3121 1043 3161 eo
1054 3101 1186 3164 nomine

177 3234 245 3276 esse
266 3213 442 3296 potuerint,
467 3222 501 3274 et
518 3210 632 3293 utique
646 3210 681 3272 in
697 3209 747 3271 his
762 3218 914 3291 appareat
934 3209 1071 3271 alterum
1084 3207 1185 3272 fuisse

178 3321 305 3397 Romae,
344 3322 482 3383 alterum
509 3318 642 3381 fortasse
670 3340 736 3380 non
764 3316 876 3401 procu]
903 3317 942 3379 ab
972 3316 1107 3379 armenti
1135 3318 1187 3380 sui

175 3428 312 3512 pascuis.
358 3427 474 3508 Itaque
497 3424 685 3489 Sirmondus
699 3425 877 3489 verecunde
901 3425 1091 3508 pronunciat
1115 3447 1186 3488 sese

176 3538 223 3600 ita
248 3533 469 3619 interpretari3
507 3543 541 3597 at
567 3533 647 3596 alter
672 3536 733 3608 iste
756 3535 944 3598 novissimus
972 3534 1187 3599 Bibliothecae

178 3655 303 3710 coactor
318 3645 454 3728 abrupte
469 3653 502 3706 et
517 3643 662 3719 absurde,
688 3643 774 3726 quod
788 3644 923 3726 ignorat,
950 3653 983 3706 et
998 3643 1185 3707 confirmare

176 3758 300 3842 nequit,
337 3757 432 3819 durat
460 3754 625 3816 adfirmare
655 3753 691 3818 Is
719 3762 775 3816 est.
821 3751 948 3836 Nempe
978 3753 1022 3816 sic
1051 3764 1186 3838 apparet

177 3868 340 3930 diversitas
355 3866 521 3948 geniorum
533 3865 567 3926 in
579 3863 771 3950 hominibus,
797 3864 858 3925 etsi
872 3863 957 3926 idem
971 3863 1101 3940 faciant,
1122 3865 1184 3929 hoc

176 3986 235 4051 est,
258 3977 397 4037 scribant
413 3976 587 4058 edantque3
619 3984 794 4036 tamenesse
811 3974 966 4056 quosdam
984 3976 1185 4048 χαριεστέρους,

177 4106 277 4168 quum
290 4081 343 4144 alii
357 4085 431 4138 οὐδὲν
444 4085 525 4156 ὑγιές.
558 4081 610 4145 Ne
625 4083 727 4145 dicam
738 4105 789 4145 me
801 4082 933 4160 nescire,
951 4105 1015 4166 quo
1028 4081 1185 4144 instinctu

176 4193 230 4269 ille
247 4190 451 4274 Margarinus
467 4201 499 4258 et
516 4193 647 4276 perinde
666 4201 820 4277 sequutor
839 4193 908 4276 ejus
923 4214 996 4256 cum
1013 4190 1186 4263 ‚Sirmondo
