2706 5040
206 1327 533 1406 I.-PRAEFATIO
559 1333 784 1399 EDITORIS
808 1320 1036 1399 ΑΝΟΝΥΜῘ

472 1541 775 1642 {autumnis

287 1827 517 1902 LECTORI
544 1826 719 1899 OMNIA
746 1825 960 1900 FAUSTA.

118 2129 158 2212 A
182 2169 249 2217 Quo
275 2159 419 2234 tempore
439 2160 546 2233 partos
570 2151 695 2233 generis
719 2149 851 2213 humani
874 2148 914 2212 ad
938 2148 1123 2212 societatem

119 2261 236 2323 cultius
254 2260 478 2344 expoiiendam
499 2260 662 2323 transferri
680 2271 859 2344 coeperunt,
883 2260 1023 2323 studiose
1041 2281 1124 2322 sem·
1163 2320 1167 2326 .

117 2391 176 2452 per
191 2380 335 2431 curatum
354 2363 529 2452 seduloque
549 2370 710 2454 provisum
727 2370 790 2433 fuit
810 2370 850 2433 ab
865 2369 1122 2454 sapientioribus,

117 2487 156 2539 ut
171 2477 323 2553 omnium,
347 2500 420 2560 quae
436 2479 577 2541 accidere
598 2480 701 2542 solent
718 2501 784 2542 non
801 2488 927 2542 tantum
943 2477 1121 2552 usitatiora,

118 2586 174 2647 sed
182 2586 313 2669 perinde
323 2586 420 2649 etiam
428 2609 498 2650 rara
510 2597 543 2650 et
554 2611 612 2673 per
619 2588 747 2671 longam
757 2597 887 2651 aetatem
896 2586 1121 2670 infrequentia,

117 2703 224 2757 tamen
250 2704 415 2758 exstarent
436 2696 565 2779 legique
589 2720 625 2759 ac
651 2698 739 2759 nosci
763 2706 894 2780 possent
919 2697 1119 2759 documenta.

118 2801 174 2866 Ad
194 2803 276 2864 hanc
297 2825 422 2866 causam
444 2804 571 2866 evoluta
591 2814 624 2865 et
645 2803 798 2886 inquisita
819 2804 943 2866 assidue
960 2803 1122 2866 volumina

117 2922 204 2986 sunt,
219 2911 254 2973 in
270 2912 512 2996 quibuscunque
528 2912 677 2994 gentibus
690 2935 726 2974 ao
738 2912 920 2995 regionibus
932 2912 1120 2996 conscripta,

116 3032 155 3084 ut
170 3032 332 3106 excerptae
348 3023 427 3086 tales
441 3022 603 3085 memoriae
620 3032 653 3084 et
670 3022 775 3106 ipsum
792 3021 944 3084 lectorem
959 3033 992 3084 et
1006 3045 1122 3084 unum->

118 3154 278 3215 quemque
293 3132 455 3195 hominem
471 3134 667 3218 adjuvarent.
714 3131 909 3216 Quanquam
927 3131 1006 3214 quid
1019 3131 1122 3194 refero

117 3242 298 3305 volumina?
354 3241 458 3305 Immo
493 3243 554 3306 hoc
583 3242 815 3305 commoditatis
850 3252 961 3324 genus
994 3241 1121 3326 pubiico

117 3351 330 3435 privatimque
351 3352 563 3414 necessarium
586 3352 713 3414 credere
734 3351 810 3414 licet
832 3352 900 3435 jam
925 3362 999 3414 ante
1021 3350 1122 3413 editas

119 3471 152 3523 et
178 3462 315 3544 digestas
341 3460 489 3524 historias
517 3460 661 3544 agnitum
687 3471 719 3524 et
739 3472 922 3547 promotum
942 3463 1040 3526 fuisse
1063 3471 1122 3547 per

118 3570 337 3653 antiquissima
363 3570 588 3633 recordationis
618 3572 780 3648 exercitia,
813 3595 912 3655 quum
941 3581 1123 3654 satagerent

116 3679 357 3762 gauderentque
373 3678 532 3742 ulterioris
554 3682 706 3765 temporis
725 3683 922 3744 narrationes
941 3682 1121 3764 praesertim

118 3788 157 3850 de
172 3789 345 3873 majoribus
360 3811 534 3873 propagare
547 3791 588 3853 ad
601 3792 786 3874 progeniem
800 3791 877 3875 ipsis
892 3790 1122 3852 cantilenarum

117 3898 363 3962 meditamentis.
411 3899 542 3985 Quippe
568 3901 602 3962 in
631 3901 779 3976 consiliis,
810 3900 845 3962 in
870 3900 945 3962 vitae
973 3908 1057 3975 actu,
1088 3899 1122 3961 i'n

117 4030 226 4070 rerum
239 4009 427 4085 mutatione,
452 4031 525 4091 quae
547 4008 647 4071 ferme
666 4019 824 4092 perpetua
844 4009 1007 4073 hominem
1022 4009 1123 4071 conti-¹

117 4127 183 4193 net,
208 4116 304 4179 etiam
328 4117 362 4180 in
381 4117 556 4181 affectuum
575 4127 667 4180 motu
683 4117 764 4179 utile
785 4118 955 4182 admodum
977 4129 1010 4180 et
1031 4133 1122 4180 exre

117 4225 258 4289 humana
287 4237 490 4303 censuerunt,
528 4238 601 4290 ante
632 4227 739 4289 oculos
768 4227 884 4291 habere
915 4227 1053 4312 specula,
1091 4235 1124 4285 et

873 4359 896 4408 B
