2706 5040
173 531 215 593 58
623 547 736 592 uonna.

226 710 312 763 Vsus.
325 709 487 761 92—Crnra
498 711 576 776 κίρκοι
587 710 672 777 pede.]
699 711 794 775 Sulpic.
810 710 957 762 Servastus:

449 868 524 880 —-
539 847 649 890 Etoacno
661 852 908 901 cmretnnentoenna.

178 960 282 1011 Persius
296 960 349 1011 Sat.
363 960 386 1010 3.
406 962 431 1010 in
443 968 539 1026 portam
549 960 641 1026 riyidas
652 960 726 1012 calces
737 959 939 1012 extendit-W.

227 1136 520 1190 Venetia-Tristities
534 1140 686 1204 dirarumque
696 1141 796 1206 notan]
828 1139 968 1204 Sophocles
982 1139 1075 1206 Ajace:
1100 1141 1168 1209 ριρθΐι

174 1228 233 1278 κυσὶ
253 1228 414 1295 πρόβλητος,
438 1227 541 1288 οἰωνοῖς
559 1228 581 1279 δ’
600 1228 673 1293 ἕλωρ.
711 1229 752 1279 Ibi
775 1227 909 1279 Scholiast.
939 1230 1051 1290 οἰωνοῖς,
1074 1231 1168 1298 ὄρνισιν.

173 1318 264 1384 κυρίως
281 1316 307 1366 δὲ
325 1317 416 1384 ydrae.
453 1317 583 1368 Ammian.
596 1316 641 1367 lib.
654 1318 694 1367 sl.
725 1315 829 1381 Reliqua
843 1325 1000 1382 paontormn
1010 1319 1170 1385 corporadim

176 1403 284 1455 volucres
294 1413 478 1465 consumserunt,
495 1412 595 1456 asaoetae
606 1404 645 1455 illo
657 1413 759 1470 ternpore
769 1404 925 1455 οοάαοονίὁιιο
939 1408 1020 1471 pasci,
1037 1415 1064 1457 nt
1078 1408 1171 1459 udum

173 1510 319 1559 nuncusque
330 1493 432 1545 albentes
442 1494 534 1545 ouibus
545 1496 630 1560 campi.
663 1493 768 1558 Apulei.
778 1492 823 1544 lib.
837 1494 862 1543 6.
891 1493 953 1544 Cum
965 1511 1036 1544 canes
1047 1503 1070 1545 et
1080 1495 1171 1546 undum

174 1583 257 1632 ιἰιιίοια
271 1582 421 1647 protrahent.
460 1582 524 1633 Stat.
539 1583 584 1632 lib.
598 1585 622 1632 9.
643 1581 766 1631 Thebaid.
783 1581 897 1631 nominet
909 1589 1020 1632 οοῑικοοσ
1035 1583 1172 1634 Incestarun

174 1673 262 1731 οοίιινι,
286 1671 354 1738 lonqd
375 1671 460 1737 quibus
479 1689 541 1721 anra
559 1678 677 1721 nocentem
696 1671 765 1720 Αἷσα
783 1671 933 1736 desertasque
954 1671 1010 1722 tulit
1026 1674 1080 1723 sine
1093 1675 1173 1738 snam

173 1760 345 1812 norton-W.
384 1762 476 1811 Tristes
486 1761 590 1825 diraque
602 1777 666 1820 noes,
685 1775 739 1824 qua
753 1758 824 1810 Iliad.
843 1779 868 1809 α.
881 1760 905 1809 4.
924 1761 1020 1812 οἰωνοὶ.
1044 1762 1128 1813 Schol.
1140 1762 1169 1812 br.

174 1849 333 1916 σαρκοφάγοι
349 1849 457 1915 ὄρνιθες,
473 1866 530 1899 aves
544 1849 683 1906 carnivora,
700 1863 747 1896 ceu
761 1855 821 1898 sunt
831 1847 944 1902 vultures
963 1857 991 1899 et
1007 1849 1086 1900 coni.
1120 1850 1172 1899 Plu-

174 1936 252 1987 tnrcb.
284 1954 394 2002 συμπος.
424 1939 448 1988 8.
479 1938 503 1987 9.
533 1936 547 1986 ὁ
570 1934 726 1997 θονκοδίδης
751 1935 844 2002 ἱστορὲι
866 1937 914 1987 τὸν
937 1937 1068 2004 Ἀθήνῃσι
1089 1938 1171 2004 λοιμον

174 2027 325 2092 (ἀσυνήθη)
345 2026 465 2093 γενέσθαι
480 2025 679 2091 τεκμαιρόμενος
693 2024 774 2075 αὐτοῦ
790 2027 819 2075 τὸ
837 2026 874 2089 μὴ
892 2025 1041 2091 σύντροφον
1057 2027 1169 2093 μάλιστα,

177 2118 215 2182 τῷ
226 2116 259 2166 τὰ
271 2114 422 2181 σαρκοφάγα
435 2117 471 2181 μή
486 2114 606 2180 γενεσθαι
620 2117 674 2164 τῶν
689 2117 794 2179 νεκρῶν.
832 2112 948 2178 Thucyd.
961 2114 1033 2164 locus
1046 2123 1087 2165 est
1096 2113 1167 2165 lib-2

174 2203 193 2252 f.
207 2204 262 2252 131.
295 2201 465 2252 WOM.-S.
507 2203 598 2252 Tristes
611 2209 638 2251 et
652 2200 711 2251 diro
724 2215 782 2251 aves
797 2209 857 2252 sunt
872 2201 1014 2261 carnivora,
1031 2201 1108 2262 corvi,
1125 2201 1169 2252 nul·

176 2300 253 2343 tures.
286 2290 382 2340 Statius
393 2290 476 2340 Theb.
492 2290 545 2348 IX,
562 2292 603 2349 28,
620 2297 693 2340 vocat
701 2296 809 2340 catervas
819 2290 961 2364 incestarnns
971 2291 1060 2341 αοίιιοι.
1092 2291 1169 2340 Amm.

176 2379 282 2430 Marcel.
300 2378 344 2428 lib.
364 2379 410 2428 31:
442 2377 547 2442 Reliqua
563 2385 720 2444 parentorum
734 2395 835 2444 corpora
850 2378 909 2429 dirce
926 2378 1033 2431 volueres
1049 2396 1168 2431 commast-

172 2468 383 2519 runt-Wuaus.

224 2646 310 2699 vias.
327 2644 611 2710 95.-Insistnntsrni.]
641 2643 762 2703 lnsn'stere,
782 2659 834 2694 non
853 2651 969 2695 conatum
987 2645 1072 2705 modd,
1092 2644 1132 2694 sed
1147 2649 1168 2691 et

173 2734 316 2786 instantiam
330 2732 416 2799 jugem
428 2732 513 2792 infert,
534 2731 670 2782 Afranius:

439 2883 513 2925 Idoiro
525 2883 569 2923 hac
583 2891 648 2934 caere
661 2886 729 2924 tecum
741 2886 824 2925 secreto
835 2885 914 2926 institi.

178 3024 270 3076 Catull.
307 3024 399 3074 Institit
410 3030 434 3071 et
439 3023 507 3087 ferri
513 3023 633 3088 sranqere
643 3021 839 3074 duritiem-W.
875 3023 995 3073 Insistnnt
1001 3026 1069 3090 srai,
1085 3025 1168 3076 instant

173 3114 292 3174 vorando,
309 3113 380 3164 avide
392 3111 540 3174 assidueque
552 3110 824 3163 dunatus-wentae.

223 3290 310 3343 Vnus.
328 3289 475 3341 96.-Hen!
497 3305 547 3338 eor.
577 3287 656 3337 Plane
675 3289 705 3338 ed
722 3289 786 3338 hanc
801 3288 905 3339 formam
927 3290 1005 3340 Silius
1018 3292 1113 3352 ,VIlI,
1128 3292 1168 3341 82:

173 3378 245 3427 Mors
256 3380 328 3437 testis,
346 3386 369 3427 et
378 3377 423 3436 ille,
441 3377 499 3427 Heu
510 3394 553 3426 cnr
565 3394 611 3427 non
622 3377 682 3427 idem
693 3377 750 3426 milti
759 3385 815 3428 tnnc
826 3378 1055 3444 roone-Wunus.

223 3552 309 3605 Vsus.
326 3550 488 3602 98.-Fatnm
499 3553 585 3618 necis.]
605 3553 762 3618 Periphrasis
775 3562 821 3613 est,
838 3570 884 3618 pro
895 3554 950 3619 ipsa
960 3570 1022 3605 nece
1033 3557 1074 3606 vel
1085 3563 1171 3607 morte.

175 3645 214 3695 Ita
226 3643 291 3693 Rota
307 3640 380 3699 Solis,
397 3639 423 3689 id
432 3648 479 3699 est,
500 3639 552 3690 Sol.
568 3641 669 3693 Lucret.
685 3650 774 3708 tempus
785 3645 867 3702 noctis,
884 3643 910 3692 id
923 3652 970 3703 est,
988 3661 1044 3694 non.
1075 3646 1139 3696 Stat.
1151 3649 1174 3696 2.

175 3734 236 3784 silv.
251 3733 316 3782 Folo·
326 3731 412 3791 Lance,
429 3731 514 3791 idest,
531 3731 612 3782 Luna.
643 3734 748 3797 Apulei.
765 3734 795 3783 de
809 3733 866 3784 Deo
881 3733 999 3785 Socratis.
1038 3735 1078 3786 Ita
1091 3736 1175 3800 paulld

172 3833 229 3873 ante
242 3841 264 3872 v.
279 3824 318 3873 93.
335 3822 537 3887 Ayminaouium.
579 3837 643 3871 vers.
667 3823 706 3872 94.
733 3822 825 3873 Canum
840 3839 931 3887 yreqes.
976 3839 999 3871 v.
1016 3824 1070 3872 lte.
1087 3823 1178 3874 Christi

172 3915 275 3962 numina.
313 3911 367 3960 Adi
381 3911 507 3963 Vechner.
527 3910 676 3960 hellenolex.
693 3910 737 3960 lib.
750 3913 774 3960 2.
791 3926 846 3974 pag.
860 3912 916 3960 221.
937 3918 964 3960 et
979 3912 1112 3974 sea-W.
1148 3912 1176 3960 ld

171 4008 218 4061 est,
234 4016 284 4049 nex
294 4001 334 4050 vel
346 4016 427 4050 mors:
453 4009 483 4050 ut
496 4001 623 4050 θανάτοιο
640 4000 721 4058 τέλος,
738 3999 764 4048 id
781 4008 827 4057 est,
846 3999 968 4058 θάνατος,
988 4000 1060 4049 Iliad.
1075 4022 1099 4067 γ.
1118 4004 1175 4053 309.

171 4099 200 4140 ut
211 4089 296 4140 notavi
308 4089 339 4139 ad
353 4089 469 4152 Theogn.
486 4105 510 4138 v.
524 4090 645 4140 teu-S.
682 4088 801 4155 Alteros]
831 4089 940 4154 Schopp.
955 4090 981 4138 in
996 4090 1091 4155 Synon.
1105 4098 1175 4156 poet.

171 4178 248 4238 Alter,
259 4178 382 4237 secundus,
397 4178 513 4242 deinceps,
527 4180 576 4243 pis,
591 4194 697 4242 sequens,
712 4177 780 4226 alius.
809 4177 899 4228 Horat.
925 4179 1053 4229 Permutat
1063 4181 1180 4242 dominos,

172 4273 194 4313 et
208 4268 268 4316 cedit
284 4269 310 4316 in
327 4265 401 4316 altero
410 4267 479 4332 jura.
516 4267 584 4320 Vide
602 4267 672 4316 Fest.
693 4267 720 4315 in
739 4265 892 4317 Atia-w.
934 4267 1050 4318 Transilit
1065 4268 1179 4336 alteros]
