2706 5040
617 558 728 601 norm.
1137 540 1178 602 57

174 719 293 783 niprcscut
309 718 390 769 uellere
404 717 491 768 coelum.
519 718 610 770 Weitz.
648 720 719 783 Apte
733 721 766 770 ad
777 722 840 770 hanc
854 721 962 784 metaph.
979 720 1047 771 Psal.
1066 722 1119 772 147.
1139 722 1177 772 16.

175 807 271 872 quidet
287 809 363 857 niuem
381 810 442 859 sicut
460 808 553 859 huam:
581 825 628 873 pro
646 811 696 873 qub
716 809 898 859 Bucbananus:
929 808 980 869 Qui
998 809 1091 860 uiribus
1107 808 1180 860 celsos

174 899 260 962 operit,
277 913 319 947 ceu
330 897 418 970 vellere,
435 898 595 949 mantea-S.

226 1074 312 1127 Vens.
323 1075 397 1126 82—
403 1073 554 1141 Velleribus]
588 1075 726 1126 Tacitarum
744 1075 816 1126 uellus
831 1092 954 1140 equarum.
993 1075 1032 1125 Ibi
1049 1074 1175 1124 Raderus:

177 1162 289 1228 Elegans
305 1171 345 1214 est
361 1163 513 1227 periphrasis
529 1164 632 1213 nivium.
655 1173 728 1214 vocat
743 1164 823 1222 uellus,
847 1164 904 1228 quia
922 1164 966 1213 nix
981 1164 1071 1213 cadens
1089 1163 1180 1213 similis

174 1252 250 1314 lanae3
281 1253 413 1311 tacitarum,
439 1251 611 1315 quianullum
632 1253 754 1316 crepitum
775 1252 948 1316 strepitumve,
973 1259 1002 1301 ut
1024 1249 1118 1315 grando
1138 1250 1178 1298 vel

174 1340 262 1400 imber,
286 1339 386 1391 excitat.
424 1340 524 1392 Amob.
544 1340 589 1391 lib.
610 1342 635 1390 2.
664 1341 770 1406 plumeas
787 1340 912 1401 crustulas,
938 1349 961 1390 et
978 1342 1044 1390 uiues
1061 1338 1176 1404 plumeas.

178 1430 260 1481 Graeci
272 1430 372 1496 ἐριῶδες
383 1430 448 1496 ttup
458 1430 612 1494 appellitant.
641 1429 759 1480 Eustatb.
770 1431 800 1479 ad
812 1430 916 1495 Dionys.
931 1433 982 1492 τὴν
992 1430 1070 1495 χιόνα
1081 1428 1181 1493 ἐριῶδες

175 1516 242 1583 ὕδωρ
254 1519 362 1578 ἀστείως
377 1520 400 1569 oi
415 1520 525 1569 παλαιοί
539 1529 607 1584 φασι.
648 1519 734 1568 Pluris
748 1518 920 1570 Meursiusad
934 1519 1032 1570 Amob.
1059 1518 1128 1568 Usus
1141 1525 1180 1567 est

174 1606 264 1656 voculd
275 1614 301 1657 et
314 1606 445 1666 Melissus,
460 1606 504 1655 ille
516 1606 555 1655 vel
567 1606 599 1655 ad
607 1615 679 1656 vetus
691 1606 792 1656 Latium
802 1606 901 1670 elegans
912 1614 995 1671 poeta,
1010 1604 1054 1656 lib.
1066 1608 1089 1655 4.
1102 1604 1179 1669 epigr.

413 1733 506 1786 Mupuit
518 1737 538 1773 et
551 1733 662 1774 hibernum
674 1733 780 1774 cumulato
792 1733 855 1774 molis
868 1734 947 1775 aceruo

416 1807 535 1859 opplevere
546 1806 615 1848 solum
626 1806 709 1848 uellera
722 1807 788 1847 densa
801 1805 926 1850 nium—W.

174 1925 268 1979 Densis
285 1928 414 1990 sedebus,
437 1931 462 1978 h.
480 1930 553 1989 lanis,
574 1946 624 1993 quo
639 1946 714 1979 sensu
731 1938 757 1980 et
771 1929 930 1994 Calpurnius,
953 1929 986 1980 E.
1007 1929 1043 1988 ΙΙ,
1062 1932 1101 1980 78.
1138 1927 1179 1977 De

174 2017 274 2067 nivibus
289 2018 364 2068 etiam
383 2018 495 2068 Martial.
516 2018 567 2078 lv,
588 2021 617 2069 3:
647 2019 753 2084 Adspice
768 2036 838 2083 quum
852 2019 948 2068 densum
965 2020 1090 2069 taciturum
1107 2017 1179 2068 uellus

175 2123 293 2170 opscurum
310 2105 416 2172 Defluit.
455 2107 493 2157 Et
509 2107 581 2171 Virg.
601 2107 633 2159 G.
654 2108 675 2167 1,
698 2110 759 2159 397:
796 2109 887 2158 Teuuio
902 2126 943 2158 uec
960 2107 1020 2158 lunc
1036 2124 1082 2173 per
1099 2106 1178 2158 culum

174 2193 260 2244 cedere
267 2195 490 2260 ferri-Wnnus.

226 2372 310 2423 Vens.
329 2375 516 2441 tlh-Totum]
546 2374 651 2427 Amavit
670 2377 871 2440 posterioratus
891 2383 963 2425 totum
983 2374 1064 2424 dicere
1084 2372 1177 2437 potius,

175 2458 248 2525 qulam
271 2464 356 2513 omnic.
395 2464 516 2516 Ambros.
541 2465 571 2513 de
591 2465 662 2515 obitu
682 2464 821 2515 Theodosii
843 2465 935 2529 Imper.
973 2463 1017 2514 De
1034 2462 1097 2526 feliis
1120 2462 1180 2512 nibil

174 2549 260 2599 lrabeat
273 2568 364 2609 nouum,
388 2551 452 2615 quod
467 2553 583 2611 conderet,
606 2553 691 2616 quibus
706 2561 777 2602 totum
792 2554 895 2602 dederat.
933 2552 1004 2602 Zeno
1021 2552 1177 2605 Veronensis

178 2636 257 2687 Serm.
278 2639 308 2687 de
322 2639 435 2689 avaritia:
466 2640 551 2690 Totum
563 2641 676 2704 possidet,
693 2640 755 2688 etde
767 2641 848 2704 inopia
860 2641 974 2703 queritur.
1013 2639 1120 2689 Salvian.
1131 2638 1176 2688 lib.

174 2726 200 2777 4.
210 2727 241 2776 de
252 2727 381 2790 gubernat.
423 2729 558 2786 Videamus,
576 2727 635 2791 quid
647 2744 694 2792 pro
705 2727 743 2776 bis
753 2729 843 2776 cunctis
854 2727 980 2786 reddimus,
998 2744 1050 2791 quc
1061 2727 1175 2776 debemus.

180 2815 239 2880 quid
249 2815 352 2865 scilicet?
370 2817 417 2865 nisi
429 2823 501 2865 totum
512 2814 576 2874 illud,
593 2815 658 2878 quod
667 2813 741 2879 supra
752 2814 864 2873 diximus,
880 2814 996 2878 quidquid
1006 2815 1121 2872 indecens,
1136 2822 1178 2863 etc.

176 2904 235 2954 Lib.
249 2904 272 2954 4.
287 2904 319 2953 ad
332 2904 431 2954 Eccles.
445 2903 544 2955 Cathol.
572 2904 656 2953 Totum
667 2903 751 2952 durum
762 2911 803 2962 est,
821 2903 938 2968 quidquid
947 2904 1078 2968 imperatur
1089 2903 1177 2950 inuitis.

175 2993 213 3042 Et
225 2991 290 3056 saepe
302 2991 395 3041 ibidem
406 2993 517 3042 obvium.
551 2991 702 3042 Observavit
712 2991 761 3041 hoc
771 2999 798 3041 et
806 2991 949 3040 eruditorum
960 2988 1043 3040 ocellus
1056 2988 1179 3039 Caseubo-

172 3081 259 3130 uusad
274 3079 396 3145 Spartian.
415 3097 471 3144 pag.
484 3081 619 3131 270.-W.
661 3081 759 3145 Tepitur
771 3079 900 3146 funeribus
918 3078 1014 3144 solum]
1046 3078 1175 3129 Ammian.

172 3171 217 3221 lib.
231 3172 270 3220 31.
294 3170 355 3221 Οιιπι
365 3171 443 3220 omnia
454 3186 566 3220 cereorum
577 3169 715 3234 corporibus
725 3168 961 3233 opplerentur.-W.

225 3347 310 3400 Vnus.
331 3347 528 3412 90.-Inflantur
547 3345 653 3411 tumidis]
681 3345 719 3395 Ut
735 3344 790 3393 fieri
811 3346 832 3392 si
851 3359 902 3394 non
922 3358 1029 3408 semper,
1051 3343 1176 3395 interdum

174 3434 313 3494 consuevit,
326 3434 471 3499 corporibus
480 3432 598 3483 venenod
607 3433 705 3497 pabulis
712 3432 803 3482 hausto
811 3431 951 3496 occupatis:
970 3432 1178 3495 quemadmodum

177 3523 277 3573 Plinius
288 3523 395 3588 bupresti
407 3525 556 3588 potissimum
567 3523 678 3573 deuorato
690 3522 759 3572 boues
770 3524 848 3588 rumpi
864 3522 958 3573 scribit.
996 3522 1049 3573 Est
1061 3530 1145 3573 autem
1156 3522 1178 3570 is

173 3611 324 3663 vermiculus
337 3613 458 3661 scarabaeo
472 3609 600 3675 longipedi
614 3610 771 3672 simillimus;
788 3610 879 3660 bovem
891 3609 997 3660 maximd
1011 3611 1077 3661 inter
1090 3610 1180 3660 herbas

174 3701 339 3751 fallens-S.
376 3701 508 3766 Inflantur,
526 3701 699 3752 intumescunt
712 3716 823 3765 corpora,
842 3701 979 3751 visceribus
993 3699 1062 3751 intus
1079 3698 1137 3750 tabo
1152 3706 1179 3749 et

172 3789 242 3839 sanie
254 3788 580 3840 diffluentibus-Wnrns.

224 3948 311 4017 Vhas.
326 3964 490 4015 tut-Attene
503 3962 599 4022 lumina,
618 3962 746 4013 oculorum
759 3960 839 4012 tristis
854 3961 920 4025 rigor
931 3968 977 4020 est,
995 3960 1110 4025 albugine
1123 3968 1178 4010 tan-

172 4061 227 4104 tum
249 4059 362 4111 extante,
388 4052 524 4115 eademque
546 4051 625 4102 livore
648 4050 749 4100 suffusa.
792 4049 905 4099 Nubibus
926 4056 1007 4113 poetae
1029 4047 1176 4107 foeditatem,

172 4140 310 4201 tristitiam,
322 4141 452 4205 ipsamque
464 4149 571 4191 mortem
584 4140 689 4205 signant.
728 4139 807 4204 Apud
828 4138 915 4190 Claud.
939 4137 972 4187 R.
997 4137 1069 4186 Pros.
1093 4137 1113 4196 1,
1136 4138 1176 4195 81,

176 4229 294 4280 Plutonis
309 4239 382 4295 caput
395 4232 541 4280 mestissima
558 4230 629 4280 nubes
646 4237 750 4295 asperat.
788 4227 861 4291 Virg.
883 4226 915 4277 G.
935 4225 988 4284 ΙΙΙ,
1011 4227 1072 4277 523:
1101 4226 1178 4277 oculos

171 4327 259 4384 stupor
271 4328 338 4385 urpet
349 4320 592 4371 inertes-Wnnna

975 4379 997 4421 H
