2706 5040
206 1321 533 1406 I.-PRAEFATIO
558 1333 783 1399 EDITORIS
807 1320 1035 1399 ANONYMi

472 1542 774 1641 {cataracta

286 1827 516 1902 LECTORI
543 1826 718 1899 OMNIA
745 1825 960 1900 FAUSTA.

117 2129 157 2212 A
181 2169 249 2217 Quo
275 2159 418 2234 tempore
438 2159 545 2233 partes
570 2151 694 2232 generis
718 2150 850 2213 humani
873 2149 914 2212 ad
937 2148 1122 2212 societatem

118 2260 235 2322 cultius
253 2259 478 2343 expoliendam
498 2260 661 2323 transferri
679 2271 858 2344 coeperunt,
882 2261 1023 2324 studiose
1041 2281 1124 2322 sem·
1162 2320 1166 2326 .

116 2379 335 2452 percuratum
353 2363 528 2452 seduloque
548 2370 710 2454 provisum
726 2370 789 2433 fuit
810 2370 849 2433 ab
865 2369 1121 2454 sapientioribus,

116 2487 155 2539 ut
170 2477 322 2553 omnium,
345 2500 420 2560 quae
435 2478 576 2540 accidere
597 2480 701 2542 solent
717 2501 783 2542 11ο11
800 2488 926 2542 tantum
943 2479 1120 2553 usitatiora,

117 2586 173 2648 sed
181 2586 312 2670 perinde
322 2587 419 2649 etiam
428 2608 497 2650 rara
509 2598 542 2650 et
553 2611 611 2673 per
618 2588 746 2671 longam
756 2599 886 2651 aetatem
894 2587 1120 2670 infrequentia,

116 2704 224 2758 tamen
249 2704 414 2758 exstarent
435 2696 564 2779 legique
588 2719 624 2759 ae
650 2698 738 2759 nosci
762 2707 893 2780 possent
918 2698 1118 2760 documenta.

117 2801 173 2866 Ad
192 2803 275 2864 hanc
296 2825 421 2866 causam
443 2805 570 2866 evoluta
590 2814 624 2865 et
644 2804 797 2886 inquisita
818 2804 942 2866 assidue
959 2804 1121 2867 volumina

116 2921 202 2986 sunt,
218 2911 253 2973 111
268 2912 511 2997 quibuscunque
527 2912 677 2994 gentibus
689 2935 724 2976 ac
736 2912 919 2995 regionibus
931 2913 1119 2997 conscripta,

115 3032 154 3084 ut
169 3032 331 3106 excerptae
347 3023 425 3086 tales
440 3022 602 3086 memoriae
619 3032 652 3085 et
668 3022 774 3106 ipsum
791 3022 943 3084 lectorem
959 3033 992 3084 et
1006 3045 1121 3096 unum-

117 3154 277 3215 quemque
292 3132 454 3195 hominem
470 3134 666 3219 adjuvarent.
713 3131 908 3215 Quanquam
926 3132 1005 3215 quid
1018 3131 1121 3194 refero

116 3242 297 3305 volumina?
353 3241 457 3305 Immo
492 3243 553 3306 hoc
582 3242 814 3305 commoditatis
849 3252 960 3325 genus,
993 3241 1121 3326 publice

116 3351 328 3434 privatimque
350 3352 562 3414 necessarium
585 3352 712 3414 credere
733 3351 809 3414 licet
830 3353 898 3436 jam
924 3361 998 3415 ante
1020 3351 1121 3413 editas

118 3470 151 3523 et
176 3462 314 3543 digestas
340 3461 488 3524 historias
516 3461 660 3544 agnitum
685 3471 719 3524 et
737 3474 921 3547 promotum
941 3464 1039 3526 fuisse
1062 3471 1121 3546 per

116 3570 336 3653 antiquissima
361 3570 587 3633 recordationis
617 3572 779 3648 exercitia,
812 3590 911 3656 quum
940 3582 1122 3655 satagerent

115 3679 356 3762 gauderentque
371 3679 531 3742 ulterioris
553 3682 704 3765 temporis
724 3683 921 3746 narrationes
940 3683 1119 3765 praesertim

117 3788 156 3850 de
171 3789 344 3873 majoribus
358 3812 533 3874 propagare
546 3792 586 3854 ad
600 3792 785 3875 progeniem
799 3792 876 3875 ipsis
891 3791 1121 3854 cantilenarum

115 3899 362 3962 meditamentis·
409 3899 540 3985 Quippe
567 3901 601 3963 in
630 3902 778 3976 consiliis,
809 3901 843 3962 in
870 3900 944 3963 vitae
971 3910 1056 3975 actu,
1086 3899 1121 3962 in

115 4030 224 4070 rerum
238 4009 426 4084 mutatione,
450 4032 524 4092 quae
546 4008 646 4072 ferme
665 4019 823 4093 perpetua
843 4009 1005 4073 hominem
1020 4010 1121 4072 conti*

116 4127 182 4192 1161,
207 4117 303 4179 etiam
327 4117 361 4179 in
379 4117 554 4181 affectuum
574 4128 665 4180 motu
682 4118 762 4180 utile
784 4119 955 4182 admodum
976 4129 1009 4181 et
1029 4134 1121 4180 exre

116 4225 256 4289 humana
285 4238 489 4303 censuerunt,
526 4238 600 4290 ante
632 4227 738 4290 oculos
767 4228 883 4292 habcre
913 4228 1052 4313 specula
1089 4236 1122 4286 et

871 4360 895 4409 B
