2706 5040
148 511 191 576 so
305 580 320 601 ‚
515 509 579 574 nn
604 510 790 575 snvuno

148 695 369 779 componendi,
392 694 525 758 fortasse
541 695 637 758 etiam
653 716 726 757 cum
741 694 879 778 Virgilio
895 692 1079 760 Horatium
1094 698 1165 762 imi·

147 805 208 870 tari
230 804 342 881 voluit,
367 805 423 888 qui
440 803 579 868 alternos
597 825 757 868 sermones
774 804 883 887 lyricis
904 805 1005 868 etiam
1017 807 1163 872 versibus

75 966 77 974 ,
148 913 317 999 expressit,
339 914 396 978 lib.
411 912 479 990 ΙΙΙ,
503 914 554 978 od.
568 914 599 977 9.
639 913 691 977 De
704 923 821 977 caetero
833 935 961 978 carmen
977 915 1093 980 Severi
1107 939 1164 982 sua

147 1024 243 1091 laude
266 1045 332 1087 non
354 1023 566 1088 fraudandum
590 1033 648 1086 est.
695 1023 847 1087 Narratio
873 1023 944 1107 ipsa
967 1024 1076 1089 dulcis
1103 1037 1161 1104 est,

149 1136 319 1221 perspicua
331 1145 364 1198 et
380 1135 518 1217 elegans,
542 1144 575 1196 et
586 1132 734 1217 plurimis
746 1133 895 1217 adspersa
905 1133 1044 1198 floribus
1058 1136 1160 1219 poeti·

151 1246 209 1324 eis,
222 1267 406 1330 quanquam
419 1255 452 1307 et
461 1243 560 1327 aliqui
573 1265 616 1306 ex
629 1264 697 1306 aevo
709 1242 871 1326 scriptoris
883 1243 967 1306 naevi
980 1243 1160 1321 adhaerent,

149 1367 183 1421 et
200 1356 275 1420 novi
288 1355 457 1418 verborum
472 1353 669 1436 significatus
687 1352 1004 1437 constructionesque
1022 1353 1160 1418 imolen·

150 1464 248 1528 tiores
262 1463 477 1546 reperiuntur.
525 1461 610 1529 Quae
624 1463 664 1526 de
678 1461 831 1545 religione
846 1472 880 1526 et
898 1463 995 1527 sacris
1013 1485 1160 1548 perverse

149 1575 324 1658 inepteque
342 1573 441 1636 sentit
462 1583 583 1651 auctor,
608 1573 707 1636 errori
722 1572 791 1656 ejus
804 1571 914 1636 saecnli
931 1572 1106 1650 debentur,
1127 1583 1159 1638 et

150 1681 304 1749 aemulum
326 1681 454 1749 Paulini
475 1693 638 1747 auctorem
660 1682 889 1759 demonstrant,
913 1682 972 1766 qui
988 1684 1114 1767 pariter
1127 1684 1159 1748 in

149 1795 343 1860 carminibus
364 1793 430 1858 suis
454 1794 493 1857 de
517 1792 658 1857 efficacia
680 1792 762 1875 signi
788 1792 900 1869 crucis,
933 1792 973 1855 de
996 1793 1158 1859 miraculis

152 1903 354 1969 sanationum
369 1913 403 1967 et
416 1902 547 1967 servatis
563 1902 659 1965 etiam
670 1901 826 1986 jumentis
842 1901 991 1964 delirat*

216 2013 382 2098 Superest,
406 2023 445 2076 ut
461 2013 562 2076 varias
579 2011 744 2088 editiones,
768 2011 886 2096 quibus
900 2033 1030 2075 carmen
1047 2012 1156 2078 Severi

151 2121 261 2187 Sancti
282 2123 466 2205 evulgatum
488 2132 546 2198 est,
569 2120 679 2205 paucis
697 2142 888 2184 recenseam.
935 2118 1016 2186 Post
1038 2122 1158 2206 primas

147 2229 219 2292 illas
235 2228 371 2306 Pithoei,
395 2253 491 2314 supra
503 2239 702 2307 memoratas,
725 2230 882 2294 insertum
894 2240 944 2293 est
954 2229 1016 2294 hoc
1028 2251 1158 2295 carmen

150 2338 360 2403 Bibliothecis
382 2337 516 2403 Patrum
539 2339 783 2417 Parisiensibus,
807 2340 990 2424 etquidem
1008 2340 1159 2406 editionis

149 2447 308 2523 secundae,
332 2447 408 2512 anni
434 2447 528 2523 1589,
552 2447 655 2512 Tomo
675 2447 778 2526 VIII,
801 2472 833 2534 p.
857 2450 937 2513 275:
961 2450 1071 2514 tertiae
1094 2450 1159 2515 edi-

148 2557 256 2635 tionis,
272 2579 323 2621 an.
340 2556 434 2633 1624,
452 2554 554 2621 Tomo
568 2557 635 2633 III,
659 2581 691 2643 p.
706 2559 785 2623 579:
811 2570 945 2644 quartae,
970 2560 1046 2622 anni
1062 2559 1156 2638 1654,

149 2667 252 2730 Temo
267 2664 372 2730 VIII:
399 2665 607 2742 Coloniensis,
631 2689 682 2729 an.
705 2667 800 2744 1618,
824 2667 926 2732 Tomo
941 2667 988 2732 V:
1015 2668 1157 2754 denique

149 2775 359 2861 Lugdunensi
370 2776 521 2840 maximae
534 2798 592 2861 per
605 2776 793 2840 Anissonios
806 2777 977 2841 elaboratae
992 2787 1027 2842 et
1039 2789 1156 2857 auctae,

148 2911 199 2952 an.
219 2887 313 2965 1677,
337 2887 439 2952 Temo
452 2886 515 2963 Vl,
538 2909 571 2970 p.
586 2887 661 2950 376.
708 2886 755 2950 Ιο.
774 2886 1014 2965 Weitziushoc
1028 2910 1158 2953 carmen

149 3020 222 3061 cum
237 2998 302 3061 suis
314 2997 399 3062 notis
414 3008 447 3061 et
459 2996 645 3079 Wolfgangi
659 2996 772 3059 Seberi
784 2998 1051 3062 racemationibus
1066 3021 1157 3085 sepa-

148 3107 242 3170 ratim
254 3107 366 3183 edidit,
385 3105 530 3170 Francos.
549 3106 642 3184 1612,
662 3107 693 3170 8.
719 3106 814 3170 Hanc
827 3106 1000 3172 editionem
1009 3110 1154 3194 repetiit,

149 3226 182 3278 et
204 3217 472 3301 splendidioribus
493 3218 589 3300 typis,
618 3218 726 3281 addita
746 3219 873 3302 copiosa
892 3218 1093 3302 praefatione,
1120 3221 1155 3283 in

149 3325 263 3407 quade
279 3334 408 3386 auctore
421 3336 454 3387 et
466 3325 671 3410 inscriptione
685 3328 831 3391 carminis
846 3328 1040 3411 disputatur,
1064 3349 1156 3391 recu-

149 3431 288 3495 dendum
301 3433 423 3494 curavit
436 3434 484 3495 vir
497 3435 640 3498 eruditus
653 3438 688 3499 in
701 3437 841 3516 BataviS,
862 3439 918 3523 qui
930 3460 1049 3501 nomen
1062 3461 1158 3504 suurn

199 3591 255 3642 *In
275 3590 390 3642 Historia
408 3592 542 3643 Litteran'a
563 3595 660 3655 Gallia,
680 3599 773 3663 scripta
789 3615 834 3662 per
852 3599 984 3663 religiosos
1003 3599 1158 3650 Benedicta

149 3681 289 3738 congregat.
308 3673 334 3724 S.
351 3672 445 3733 Mauri,
461 3673 545 3725 Temo
562 3675 599 3735 11,
616 3693 641 3740 p.
661 3680 701 3728 56.
729 3694 758 3728 ea
774 3677 872 3742 Ecloga
888 3680 918 3728 de
935 3679 1059 3730 mortibus
1077 3678 1157 3729 boum

148 3752 293 3804 attribuitur
310 3753 411 3813 Sancto,
434 3759 516 3818 poete
532 3755 685 3814 Christiano,
709 3765 735 3807 et
752 3756 793 3806 hic
812 3757 925 3807 diversus
945 3758 976 3809 ab
995 3757 1157 3810 Endelecbio

149 3850 203 3884 esse
220 3844 342 3886 censetur.
381 3834 506 3886 Praeterea
523 3836 581 3885 huic
597 3837 696 3896 Sancte,
714 3845 797 3901 poetae
812 3838 965 3898 Christiano,
983 3839 1018 3888 ibi
1035 3838 1159 3888 tribuitur
1207 3867 1211 3874 ν

148 3931 237 3978 poema
250 3918 281 3966 de
298 3919 415 3981 parabola
428 3919 523 3969 Decem
542 3919 673 3982 Virginum
692 3919 717 3968 in
732 3919 881 3983 Evangelio,
901 3918 976 3982 idque
993 3918 1072 3968 fuisse
1090 3919 1158 3970 inter

146 3994 253 4057 hymnos
265 3998 429 4055 existimatur,
442 4015 505 4061 quos
518 3999 624 4048 Sanctus
633 3998 676 4047 ille
687 3998 802 4058 Paulino,
815 3998 858 4061 qui
867 3998 1056 4057 desideraverat,
1066 3997 1156 4057 mittit,

150 4074 201 4138 Ep.
224 4074 338 4135 XXVI,
357 4077 409 4125 sive
430 4078 500 4127 XLI
516 4063 618 4129 alterius
638 4078 763 4128 editionis.
810 4080 859 4130 Sed
879 4094 909 4128 eo
927 4079 984 4129 loco
1003 4079 1154 4143 hymnorum

148 4155 248 4219 quidem
264 4156 397 4206 missorum
411 4159 506 4209 mentio
518 4160 555 4219 fit,
574 4168 599 4210 et
611 4159 748 4224 disputatio
760 4160 791 4209 de
802 4160 918 4224 parabola
930 4160 1016 4208 decem
1028 4157 1154 4220 virginum

147 4234 205 4282 inde
217 4235 322 4299 petitur:
343 4245 425 4285 utrum
435 4252 493 4287 vero
506 4247 586 4288 totum
600 4245 689 4302 poema
701 4239 768 4287 illius
781 4239 919 4303 argumenti
932 4238 1017 4297 fuerit,
1030 4253 1081 4287 non
1094 4237 1156 4290 satis

148 4314 212 4367 clare
230 4324 338 4380 apparet.
