2706 5040
624 556 736 600 norm.
1135 535 1177 597 55

225 717 310 771 Vens.
325 717 441 770 77.-Να
451 721 504 767 citis
516 718 598 768 aridae
606 720 694 783 fauces
704 720 869 783 opprimeret]
902 717 931 766 In
947 717 1068 768 Catulect.
1085 715 1176 780 Seuiig.

172 821 229 870 pag.
246 808 299 857 193.
334 805 390 856 Illic
403 808 465 856 inter
479 823 556 871 oquae
570 809 619 856 urit
633 808 686 857 eiti'e
701 807 771 856 arido
779 809 876 872 fauces.
899 806 982 857 Pleut.
1003 806 1119 856 Mosbell.
1138 805 1179 855 ubi

172 895 226 943 sitis
233 896 323 961 fauces
334 902 402 944 temet.
436 895 527 946 Weitz.
541 894 631 958 Apoll.
648 895 731 946 Rhoe.
744 896 769 944 4.
785 896 856 946 1394.
886 896 929 945 ἐπὶ
949 898 1015 960 ξηρὴ
1033 896 1083 962 γὰρ
1099 896 1178 945 ἔπειτα

173 981 253 1046 Atura,
270 981 341 1032 crido
354 981 500 1032 incumbebat
515 981 554 1033 uel
567 982 688 1048 ‹ffliqebot
705 985 766 1032 sitis.
802 983 866 1033 Ibid.
884 998 908 1031 v.
928 984 999 1033 1442.
1033 985 1101 1049 Δίψῃ
1117 1002 1178 1048 καρ-

172 1067 278 1133 χαλέος,
300 1070 342 1118 eui
360 1069 451 1118 aridus.
489 1069 563 1120 Etv.
586 1070 656 1122 1417.
691 1072 805 1121 -ἀπὸ
823 1052 1062 1136 δίψανᾉίθομένην
1079 1072 1178 1137 ἄμοτον

171 1157 335 1222 λωφήσομεν,
351 1158 415 1206 sitim
426 1156 568 1207 uehementer
578 1157 697 1207 ardentem
707 1175 888 1224 compescemus5
911 1175 957 1223 pro
969 1160 1019 1224 qub
1033 1159 1141 1211 Anthol.
1153 1162 1177 1210 6.

173 1246 198 1294 3.
215 1246 252 1296 10.
271 1248 357 1311 ξηρὴν
367 1243 449 1311 δίψαν
460 1246 706 1311 ἐλαυνόμενος.-5.

163 1499 166 1505 .
224 1421 310 1474 Vuae.
324 1422 515 1473 79.-Aumovit
524 1422 620 1488 ubere]
649 1421 721 1486 Virg.
734 1424 758 1472 4.
774 1422 878 1472 AEneid.
892 1439 916 1474 v.
927 1425 985 1474 367.
1016 1422 1178 1488 Hircumque

174 1509 300 1560 edmerum
310 1510 382 1560 ubero
393 1510 553 1576 tique-W.

225 1682 311 1737 Vnus.
325 1685 451 1735 eL-Vir
470 1686 551 1750 ureqie
572 1693 595 1734 et
613 1686 707 1752 potem]
745 1685 808 1736 Stat.
835 1684 972 1735 Achilleid.
997 1699 1016 1733 1.
1056 1685 1090 1735 Ut
1108 1694 1179 1751 poter

172 1773 274 1821 ammei
288 1771 406 1836 quondm
420 1780 543 1838 rectorque
550 1773 662 1839 futurus,
682 1781 723 1822 etc.
763 1772 800 1823 Et
814 1775 838 1823 5.
856 1772 978 1822 Thebaid.
996 1772 1108 1822 nominat
1122 1773 1179 1823 duc-

172 1869 246 1912 torem
264 1860 396 1926 etubulique
413 1863 531 1911 maritum.
577 1862 604 1911 A
624 1860 734 1924 Virgilio
754 1861 811 1910 Ecl.
833 1863 856 1912 7.
878 1877 942 1910 vers.
963 1863 986 1912 7.
1028 1861 1074 1911 Vir
1090 1861 1179 1927 qreyr'e,

172 1949 410 2015 inmgitutmeuper.
442 1949 517 2009 Quod
528 1964 560 1999 ex
574 1948 895 2007 Theo'critotransumtum,
912 1949 955 2012 qui
967 1949 1043 1999 dixit:
1070 1949 1179 2015 ὠτράγε

173 2042 226 2090 τᾶν
245 2040 342 2089 λευκᾶν
363 2037 612 2108 ambustum-W.
656 2036 736 2088 Soliti
755 2040 856 2104 megrim]
888 2038 979 2096 idest,
999 2045 1176 2088 armentorum.

174 2127 240 2187 vide,
258 2144 313 2192 quoe
324 2126 409 2192 paulli
420 2135 478 2178 ante
489 2127 521 2176 ud
531 2143 596 2177 vers.
610 2129 650 2177 63.
669 2125 683 2176 i
698 2126 783 2176 schol.
804 2127 900 2176 Theoc.
914 2125 1075 2176 attuli-W.
1109 2124 1180 2174 solidi

171 2217 261 2281 qreyie,
278 2216 357 2266 totius
367 2215 482 2266 armenti.
520 2214 595 2264 Alius
606 2230 667 2279 grex
677 2222 717 2264 est
727 2214 821 2273 ovium,
839 2222 866 2264 et
879 2229 952 2278 ceper
966 2215 1049 2278 uirque
1062 2220 1179 2280 puerque

172 2305 254 2369 qreqie
265 2304 356 2373 dicitur
367 2303 444 2355 Ovid.
461 2303 496 2354 A.
513 2304 549 2353 A.
565 2302 586 2362 Ι,
603 2303 810 2354 522-17αααε,

226 2478 312 2532 Vnus.
323 2478 511 2530 eim-Cervius
520 2478 625 2546 aalide]
638 2480 744 2544 βαθεῖαι
756 2480 848 2545 αὐχένι
862 2481 960 2546 σάρκες,
976 2480 1086 2544 Oppiam.
1095 2480 1119 2529 2.
1129 2479 1180 2544 Cy-

174 2576 259 2633 neget.
272 2584 296 2617 v.
306 2570 346 2619 91.
361 2566 415 2616 sive
427 2574 456 2616 ut
465 2566 578 2631 loquitur
587 2566 681 2617 ibidem
693 2583 716 2617 v.
730 2569 770 2617 51.
785 2571 892 2619 πλατὺν
904 2566 1004 2632 αὐχένα
1016 2565 1177 2618 eitum-W.

227 2743 313 2796 Vnus.
333 2741 472 2794 83-Ρ1αα
491 2744 584 2807 nimia]
608 2742 634 2790 id
653 2749 700 2799 est,
726 2741 807 2804 Supte
825 2741 936 2799 modum,
960 2740 1075 2800 nimium,
1098 2739 1179 2790 multo

175 2832 241 2896 plus.
281 2830 371 2880 Horat.
384 2828 428 2880 lib.
442 2844 460 2878 1.
472 2829 547 2892 epist.
560 2830 599 2878 10.
631 2828 707 2889 Quem
718 2845 755 2878 res
762 2827 819 2893 ptus
830 2829 902 2877 nimio
912 2827 1053 2877 delectamre
1063 2827 1179 2886 mcumdae,

174 2922 282 2973 Mutotoe
293 2920 411 2985 quatiunt.
449 2918 486 2968 Et
497 2933 515 2968 1.
532 2934 606 2968 carm.
620 2919 660 2968 33
696 2917 759 2968 Plus
772 2918 842 2967 nimio
855 2933 940 2966 memor
950 2917 1044 2966 immitis
1060 2914 1176 2980 Glycerae.

177 3011 278 3060 Anton.
296 3008 328 3057 ud
343 3007 424 3059 Cicer.
442 3006 487 3056 lib.
509 3008 547 3057 10.
569 3007 600 3056 ud
622 3006 705 3056 Attio.
746 3006 812 3066 Quia
831 3014 853 3055 te
872 3007 943 3055 nimio
959 3004 1015 3071 ptus
1032 3004 1112 3070 ditiqo,
1132 3022 1180 3055 uon

172 3113 272 3163 possm
284 3094 440 3145 dummdure.
479 3093 546 3147 Vide
562 3093 648 3147 Gifan.
664 3094 718 3143 Ind.
738 3093 840 3143 Lucret.
852 3094 880 3141 in
896 3092 984 3142 Nimio
999 3093 1064 3156 plus.
1086 3091 1177 3142 Weitz.

178 3183 244 3235 Hor.
257 3198 276 3232 1.
294 3197 369 3232 carm.
383 3183 424 3232 33.
458 3181 525 3241 Albi,
542 3198 571 3231 me
582 3180 661 3231 duleus
668 3180 725 3246 plue
735 3180 880 3231 nimio-S.

228 3360 314 3414 veis.
329 3357 485 3410 84an
502 3357 621 3424 herbida]
657 3355 748 3408 Horat.
767 3358 791 3406 3.
817 3372 891 3407 curm.
915 3357 953 3407 la
988 3355 1065 3406 Ludit
1082 3355 1180 3407 herboso

172 3466 248 3517 pecus
265 3466 331 3500 omme
345 3449 436 3514 compe.
473 3447 614 3513 Agraetius:
639 3445 773 3496 Herbidum
789 3445 863 3497 locum
876 3445 983 3506 dicimus,
1002 3447 1028 3495 iu
1043 3446 1089 3509 qub
1107 3444 1181 3495 turbu

175 3546 219 3597 eet,
235 3545 260 3587 et
272 3538 295 3587 ei
309 3537 393 3587 aridus
409 3553 459 3586 ecee
475 3537 635 3587 consueverit:
664 3535 807 3595 Herbesum,
827 3536 870 3601 qui
883 3535 978 3586 berham
985 3533 1064 3601 sacili
1075 3542 1180 3601 uenerat,

175 3625 269 3676 etiarnsi
279 3624 313 3674 cd
322 3632 413 3690 tempus
423 3624 506 3674 aridus
516 3625 556 3673 sit.
589 3623 710 3688 Sophocli
718 3632 758 3674 est
767 3624 863 3688 λειμὼν
873 3625 1010 3689 βαυθερής,
1021 3623 1048 3672 in
1059 3623 1179 3674 Trachin.

180 3713 233 3765 Ubi
243 3712 412 3764 consulendus
423 3712 571 3764 scholiastes
581 3728 638 3777 pag.
654 3714 709 3763 152.
721 3712 826 3762 b.-W.
859 3711 989 3777 Concidit]
1015 3711 1181 3762 Icuinbrutis

176 3817 277 3867 quoque
290 3802 410 3853 Nemesis
420 3801 523 3861 κολάζει
532 3799 748 3852 lascivium-W.

228 3978 315 4032 Vees.
329 3977 490 4039 85.-Queu
500 3975 578 4028 mutu
584 3974 657 4041 foliis
666 3974 727 4026 α’ἱαα
735 3972 865 4040 ααᾱααίὀ.]
896 3972 999 4023 AEneid.
1010 3975 1034 4023 6.
1048 3987 1112 4024 vers.
1123 3974 1181 4024 369.

180 4065 263 4127 Quem
272 4065 345 4116 mulia
353 4068 379 4116 iu
389 4065 456 4117 eitris
466 4066 573 4117 autumni
580 4065 678 4130 fiiqore
684 4065 765 4129 primo
775 4062 862 4128 Lapsa
873 4061 961 4112 cudunt
967 4059 1041 4128 fiilio.
1075 4061 1181 4114 Contre-

175 4155 241 4205 rium
253 4154 359 4206 habetur
369 4155 436 4219 apud
449 4153 507 4210 Vol.
521 4152 699 4205 musculiue.
715 4169 739 4204 v.
752 4153 807 4203 167.
842 4151 908 4212 Quot
914 4149 993 4216 filiis,
1011 4158 1068 4217 quot
1075 4150 1182 4215 floribus
