2706 5040
183 529 227 593 46
630 547 742 594 norm.

236 710 321 764 Vror.
333 708 506 760 25.-Solitur
516 711 605 777 nosse]
626 710 722 763 Confer
732 710 859 764 Vechuer.
873 712 1029 762 hellenolex.
1040 728 1058 763 1.
1072 730 1129 779 pag.
1143 715 1192 764 182.

185 805 281 861 etseq.
305 798 398 849 Boon.
409 798 454 848 lib.
472 813 490 848 1.
511 807 613 849 metam.
631 801 656 849 2.
686 799 785 849 Rimari
800 798 883 849 solitus
901 807 973 864 atque
990 799 1086 851 bitoitus
1104 810 1192 852 motura

184 888 267 935 uarios
278 885 375 936 reddere
385 902 479 936 causas.
517 887 547 936 In
563 887 685 939 catalect.
703 887 793 952 Scalig.
808 887 854 940 lib.
868 902 885 937 1.
905 904 961 953 pag.
979 890 1035 940 184.
1069 890 1136 940 Fata
1148 908 1191 956 per

183 972 299 1023 bumanas
319 971 402 1023 solitus
419 991 561 1039 pernoscere
581 974 748 1038 fibros-W.
798 975 943 1026 salubribus
964 978 1045 1028 moecis
1065 980 1190 1042 perniciem

180 1059 287 1127 pallore]
308 1060 384 1112 Ovid.
398 1062 422 1111 8.
437 1060 583 1112 Farnvem.
597 1063 654 1114 827.
686 1061 793 1113 Pboebed
804 1063 896 1113 morbos
907 1065 952 1128 qui
962 1064 1056 1129 pellitis
1066 1074 1126 1115 arte.
1163 1067 1188 1117 S.

187 1149 319 1201 Orientius
336 1149 362 1198 in
380 1149 534 1201 commonit.
550 1167 574 1201 v.
591 1152 631 1202 7&
671 1150 790 1202 Gramina
805 1151 940 1201 discerumrs
955 1153 1038 1202 trister
1052 1153 1189 1204 medicantia

183 1237 275 1288 morbos
294 1238 371 1288 Pellio
389 1237 503 1305 letiferum
521 1238 616 1289 sedulius
635 1247 687 1289 arte
706 1238 879 1289 molum-W.
911 1239 996 1290 solitus
1016 1243 1093 1291 ubrse.
1117 1243 1187 1306 virg.

135 1382 140 1392 .
185 1326 249 1376 AEn.
269 1326 337 1387 XII,
359 1329 419 1378 3962
448 1327 519 1378 Scire
540 1335 670 1393 potestates
688 1327 812 1377 berberem
828 1344 942 1392 usumque
961 1329 1078 1380 medmdi.
1114 1330 1186 1382 Ovid.

113 1424 117 1433 “
186 1413 256 1467 Fast.
272 1414 326 1476 111,
342 1417 404 1467 8272
429 1414 535 1466 Plroebea
546 1416 638 1466 morbos
648 1417 691 1482 qui
697 1415 786 1482 pellitis
797 1417 1008 1468 arte-Wnrus.

232 1594 319 1647 Vnus.
330 1595 517 1646 27.-0urnon
525 1597 672 1662 anticipans]
689 1595 767 1647 Juxta
773 1595 837 1645 illud
849 1595 966 1660 Theogn.
977 1597 1051 1647 1130.
1071 1603 1187 1664 Ζητῶμεν

183 1682 278 1734 δ’ἵλκει
294 1684 416 1750 φάρμακα
432 1696 558 1751 propium.
589 1684 638 1737 Cui
650 1684 742 1733 similia
754 1683 849 1748 passim
860 1684 1010 1736 obvia-S.
1047 1689 1186 1752 «oropum,

181 1779 240 1821 ente
251 1771 363 1834 cogitans
375 1772 555 1836 etpraecipiens
566 1772 658 1822 animo.
685 1770 952 1836 Virg.A.v1,105=
977 1772 1070 1824 Omnia
1076 1776 1185 1841 precepi,

182 1866 252 1924 atque
263 1861 340 1909 animo
351 1877 437 1910 mecum
448 1868 504 1910 onte
510 1860 749 1926 perepi-Wrrnun

233 2036 318 2088 Vens.
334 2037 522 2088 mauroso·
538 2038 644 2103 mariun]
666 2036 741 2087 Ovid.
758 2051 777 2086 1.
798 2036 875 2087 Pont.
890 2037 915 2086 4.
951 2037 1066 2089 Horrent
1083 2040 1185 2091 admotas

181 2123 278 2174 uulnera
289 2125 363 2174 crudo
374 2142 465 2176 monus.
494 2124 587 2175 Boeth.
601 2124 645 2174 lib.
657 2139 675 2174 1.
692 2140 759 2189 pros.
772 2126 797 2175 2.
824 2124 939 2175 Admovit
946 2127 1184 2190 pectorimooleniter

180 2213 361 2262 monum-W.
399 2213 511 2264 Medicas
528 2214 634 2280 marm]
660 2213 725 2264 stat.
749 2213 810 2264 silv.
829 2214 853 2262 5.
880 2212 988 2278 Epiced.
1009 2215 1036 2264 in
1056 2216 1183 2268 filium:-

180 2297 338 2364 Medicasque
352 2317 436 2350 marrus
443 2303 598 2366 fomentoque
608 2317 688 2366 quaro
701 2300 850 2360 Vulneribus,
869 2301 913 2350 sed
923 2318 1023 2362 summo,
1042 2304 1182 2354 meis-W.

231 2476 315 2530 Vror.
328 2479 402 2528 29.-
408 2478 482 2527 Toutr'
492 2476 556 2528 nulla
563 2485 636 2528 metas
642 2478 729 2544 peroio
737 2479 830 2544 ripum]
849 2478 909 2529 Nou
918 2479 1018 2530 diverso
1025 2481 1103 2545 plene
1110 2497 1182 2532 sensu

179 2566 278 2618 videtur
290 2566 305 2617 ὲ
319 2567 434 2632 Thucyd.
451 2565 501 2616 dici
518 2565 663 2631 pestilentie
675 2565 720 2615 illa
732 2565 822 2617 Attica
837 2567 956 2630 quosdam
971 2569 1124 2633 corripuisse
1136 2570 1180 2620 ἀπ’

178 2654 296 2720 οὐδεμιᾶς
319 2655 477 2721 προφάσεως,
503 2655 563 2704 ἀλλ’
589 2655 717 2719 ἐξαίφνης,
749 2654 812 2705 nulld
836 2656 901 2706 certd
918 2657 1093 2724 manifestaque
1111 2659 1180 2710 cousi

177 2750 315 2808 apparente,
337 2743 380 2792 sed
394 2761 423 2792 ec
440 2745 581 2809 improviro‚·
605 2742 672 2806 quod
690 2742 836 2793 Scholiastae
853 2743 887 2794 ib.
904 2752 951 2802 est,
970 2744 1178 2811 ἀπροφασίστως.

181 2829 306 2882 Caeterirm
323 2830 430 2880 multum
448 2831 479 2879 ad
495 2829 678 2894 propulsandos
692 2829 794 2880 morbos
809 2829 878 2890 facit,
897 2831 1030 2882 observare
1047 2842 1124 2897 atque
1139 2849 1180 2883 ex-

175 2919 283 2983 pendere
294 2919 394 2968 illorum
407 2919 490 2982 signs:
513 2918 613 2968 undeet
626 2918 761 2968 Medicinae
771 2936 828 2983 pars
839 2920 922 2985 alique
933 2926 1089 2988 σημειωτικὴ
1102 2924 1176 2975 dictu:

176 3006 244 3056 stab
258 3007 400 3071 Herophilo
412 3007 555 3058 introducto
569 3009 704 3074 σημείωσις
723 3010 870 3074 τρίχρονος,
887 3025 942 3072 quae
955 3010 1027 3075 signe
1040 3012 1180 3064 affectionis

175 3094 282 3160 alicujus
293 3096 419 3147 indicabat
435 3096 530 3160 triplici
541 3105 684 3162 temporum
699 3097 763 3147 serie
777 3097 906 3159 distincts3
929 3100 1141 3162 quemadmodum
1151 3117 1182 3151 ex

177 3184 288 3250 Hippoc.
305 3196 331 3237 et
346 3187 402 3238 Gal.
424 3186 526 3237 tradunt
540 3186 631 3237 Gorrh.
650 3185 677 3234 in
693 3185 790 3236 definit.
806 3193 832 3236 et
846 3187 899 3235 An.
920 3186 1029 3237 Foesius
1044 3188 1070 3237 in
1086 3188 1180 3238 Lexico

177 3271 288 3337 Hippoc.
305 3273 348 3323 Εὸ
358 3275 472 3325 Boculus
480 3273 546 3325 forti
555 3274 604 3333 hic,
616 3273 729 3338 quamvis
738 3275 768 3324 de
779 3274 917 3338 pecudibus
928 3275 1019 3327 saltem
1030 3293 1108 3341 agens
1120 3277 1180 3338 siris,

175 3361 319 3425 respicienS‚
337 3364 428 3412 malum
439 3362 493 3438 tum*
503 3380 558 3414 esse
570 3364 704 3414 vehemens
718 3365 837 3428 queritur,
854 3372 883 3414 ut
894 3364 970 3414 simul
982 3381 1024 3414 ens
1036 3374 1062 3416 et
1073 3373 1182 3430 occupet

174 3457 201 3499 et
211 3449 338 3499 interimat
343 3472 351 3511 ;
369 3453 445 3502 nullis
453 3453 629 3517 apparentibus
638 3452 715 3517 signis
726 3452 827 3518 perviis,
840 3454 867 3503 id
881 3461 929 3514 est,
944 3454 1046 3513 talibus,
1063 3452 1182 3518 dquibus

173 3535 301 3585 medicine
321 3537 401 3586 adhuc
419 3539 502 3589 locum
522 3541 630 3604 aliquem
649 3541 764 3591 relictum
782 3557 933 3605 cognoscere
949 3540 1038 3592 liceat:
1064 3548 1093 3591 ut
1110 3543 1183 3606 signu

172 3625 258 3690 pervia
269 3624 327 3684 sint,
344 3625 418 3689 plana
432 3635 458 3676 et
469 3628 609 3687 manifesto,
626 3629 666 3678 vel
681 3645 736 3693 quae
751 3629 883 3679 intellectu
895 3628 1021 3693 penetrari
1035 3629 1182 3694 possint.-

176 3719 201 3768 S.
237 3716 338 3777 Peraia,
355 3719 507 3782 apparentia,
524 3727 657 3783 perspectu
668 3719 907 3769 facilm-Wunns.

222 3896 307 3948 VERS.
328 3896 528 3962 Sil-Corripit]
550 3895 635 3954 πιέζει,
655 3896 764 3961 κατέχει,
782 3900 876 3963 κρατεῖ.
900 3896 980 3946 siber.
995 3896 1020 3946 in
1033 3897 1145 3948 Gemma
1154 3916 1180 3964 p.

170 3983 306 4032 oon-W.
325 3984 428 4033 Morbus
437 3986 572 4049 opprimit]
584 3986 612 4034 rb
622 3985 704 4049 χρεών
714 4004 773 4034 τινα
783 3983 960 4048 ἐπιλαμέάνει,
971 3986 1181 4051 καταλαμέάνει.

174 4068 253 4118 Sibcr.
268 4086 292 4133 p.
307 4073 439 4120 cru-W.
475 4074 581 4136 corripit,
599 4073 632 4131 id,
649 4073 759 4123 insuavis
768 4073 909 4122 allitcratio.
949 4073 1035 4133 Forte,
1050 4076 1116 4139 quod
1127 4094 1183 4127 cor-

170 4159 245 4221 ripuit
263 4158 364 4218 morbus,
384 4159 411 4208 id
428 4162 547 4224 opprimit.
587 4161 616 4209 In
635 4161 738 4210 candem
756 4161 906 4212 sententium
924 4162 954 4212 dc
972 4163 1030 4212 lucc
1047 4164 1184 4217 mortifera
