2706 5040
403 470 605 536 CARMEN
628 474 918 540 BUCOLICUM.
1119 480 1162 544 33

287 701 384 766 Nunc
400 712 504 767 totum
520 705 640 788 tegitur
654 707 819 773 funeribus
834 709 951 774 solum:

287 835 446 901 Inflantur
462 839 591 901 tumidis
606 863 738 924 corpora
751 843 928 906 ventribus:
1095 846 1139 908 90
1199 820 1226 888 7

286 968 410 1033 Albent
424 970 563 1036 lividulis
577 973 699 1037 lumina
713 975 867 1040 nubibus:

546 1105 652 1170 Tenso
667 1130 759 1171 crura
772 1109 878 1192 rigent
892 1111 984 1194 pede.

284 1309 305 1372 J
306 1332 357 1372 am
371 1309 625 1374 circumvolitant
639 1312 766 1395 agmina
780 1313 920 1378 tristium

284 1442 499 1528 Dirarumque
515 1445 634 1509 avium:
653 1446 786 1530 jamque
801 1469 916 1511 canum
929 1469 1041 1532 greges
1129 1538 1132 1543 Α

284 1580 442 1644 Insistunt
456 1580 567 1644 laceris
581 1580 754 1644 visceribus
768 1581 846 1658 frui3
1091 1583 1134 1645 95

543 1711 636 1776 Heu!
661 1734 717 1776 cur
732 1734 796 1776 non
812 1712 908 1776 etiam
922 1713 1021 1776 meis?

175 1915 255 1980 AEc.
283 1915 457 1992 Quidnam,
482 1937 602 2000 quaeso,
627 1915 779 1999 quidest,
803 1915 890 2000 quod
903 1915 990 1979 vario
1003 1916 1098 1980 modo

280 2049 398 2112 Fatum
413 2049 504 2112 triste
518 2049 604 2112 necis
620 2049 757 2112 transilit
769 2048 895 2126 alteros,

281 2180 471 2267 Affligitque
487 2182 585 2247 alios?
606 2182 659 2244 En
674 2182 734 2245 tibi
750 2182 881 2266 Tityrus

540 2316 634 2381 Salvo
648 2317 743 2382 laetus
759 2317 826 2401 agit
839 2321 950 2402 grege!
1072 2318 1132 2381 100

172 2521 255 2585 Boo.
281 2521 393 2606 Ipsum
408 2532 571 2586 contueor.
617 2522 679 2586 Dic
695 2546 764 2607 age,
789 2524 912 2608 Tityre,

279 2656 363 2723 Quis
379 2666 411 2721 te
426 2657 580 2741 surripuit
594 2657 736 2722 cladibus
750 2658 800 2721 his
815 2658 926 2722 Deus?

279 2789 328 2852 Ut
341 2791 440 2874 pestis
454 2790 625 2873 pecudum,
648 2813 722 2874 quae
738 2791 891 2874 populata
906 2790 948 2854 sit

537 2922 680 3001 VicinoS,
704 2923 764 2987 tibi
777 2923 866 2987 nulla
880 2923 932 2986 sit.

171 3132 246 3197 Tm.
279 3132 425 3216 Signum,
449 3133 536 3217 quod
549 3132 720 3218 perhibent
734 3115 802 3195 esse
819 3129 930 3195 Crucis
945 3131 1021 3210 Dei,
1068 3132 1129 3195 105

276 3263 406 3349 Magnis
422 3263 478 3348 qui
490 3263 608 3370 colitur
622 3263 708 3327 solus
722 3263 756 3326 in
772 3263 916 3342 urbibus,

277 3399 434 3476 Christus,
457 3397 606 3484 perpetui
620 3397 721 3482 gloria
736 3396 898 3474 Numinis,

537 3530 637 3616 Cujus
651 3530 737 3595 filius
751 3531 875 3595 unicus.

276 3738 350 3804 Hoc
363 3741 499 3822 signum,
522 3738 634 3802 mediis
648 3737 807 3801 frontibus
822 3737 975 3812 additum,

277 3873 472 3937 Cunctarum
486 3873 646 3957 pecudum
661 3880 747 3933 certa
762 3871 845 3932 salus
858 3869 931 3932 fuit.
1067 3871 1128 3932 110

278 4005 330 4070 Sic
345 4029 419 4070 vero
434 4006 525 4070 Deus
537 4004 597 4066 hoc
611 4002 740 4065 nomine
754 4011 936 4085 praepotens

536 4137 680 4200 Salvator
694 4135 850 4200 vocitatus
866 4146 925 4200 cst.

863 4288 888 4337 E
