2706 5040
183 1291 666 1358 II.-WERNSDORFII
702 1290 931 1356 NOTITIA
966 1290 1035 1354 DE

374 1474 585 1540 SEVERO
622 1475 840 1541 SANCTO.

465 1772 736 1783 *ἡ

105 2019 220 2117 Quor)
241 2032 275 2095 in
296 2032 412 2115 eclogis
431 2032 583 2096 bucolicis
603 2032 682 2095 mihi
702 2032 887 2096 faciundum
906 2032 1027 2116 putavi,
1058 2044 1106 2110 ut,

104 2167 177 2227 quae
200 2143 279 2206 falso
301 2143 457 2206 hactenus
482 2143 567 2206 inter
592 2141 800 2226 Calpurnium
822 2152 855 2205 et
877 2140 1108 2210 Nemesianum

103 2254 211 2317 divisae
242 2264 357 2331 essent,
388 2254 446 2316 uni
477 2253 650 2337 Calpurnio
681 2253 790 2315 deberi
816 2252 985 2330 vincerem,
1020 2252 1106 2315 idem

102 2362 182 2424 mihi
195 2362 261 2426 fere
274 2363 308 2425 in
324 2362 463 2426 carmine
480 2362 589 2426 Severi
605 2361 715 2425 Sancti
736 2361 852 2438 evenit,
876 2363 967 2446 cujus
982 2362 1105 2425 auctori

102 2471 137 2533 in
156 2470 265 2554 primis
289 2471 398 2534 statim
418 2471 610 2534 editionibus
632 2494 670 2534 ea
689 2471 818 2534 nomina
838 2470 995 2533 attributa
1017 2479 1104 2547 sunt,

103 2602 177 2663 quae
200 2603 265 2644 non
291 2581 398 2658 unius,
429 2582 486 2644 sed
511 2582 647 2645 duorum
674 2579 1022 2663 diversissimorumque
1047 2580 1106 2642 ho-

102 2691 225 2753 minum
248 2713 326 2767 esse,
355 2691 478 2775 liquido
500 2701 608 2775 potest
631 2690 848 2753 demonstrari.
895 2688 1021 2752 Primus
1044 2689 1105 2752 hoc

103 2821 241 2875 cannen,
281 2801 321 2862 ab
359 2800 432 2863 Elia
466 2799 590 2864 Vineto
630 2809 807 2881 acceptum,
850 2798 950 2861 edidit
989 2798 1105 2862 Petrus

104 2908 265 2985 Pithoeus,
303 2930 375 2972 cum
408 2910 552 2973 Veterum
581 2908 704 2992 aliquot
737 2907 858 2970 Gallice
882 2908 1105 2993 llreologorum

101 3021 240 3103 seruitia,
291 3018 420 3083 Parisiis
470 3019 564 3096 1586,
609 3018 642 3094 4,
691 3018 750 3081 hac
788 3018 848 3081 sub
885 3019 1103 3103 inscriptione,

102 3131 222 3206 Seueri,
237 3131 389 3193 Rhetoria
405 3139 436 3194 et
454 3139 558 3214 poeto
578 3130 753 3193 Christiani
768 3152 893 3193 curmeu
907 3131 1104 3196 Bucolicum.

103 3239 196 3303 Idem
224 3239 333 3325 paullo
361 3250 435 3324 post
460 3240 586 3324 prodire
622 3240 719 3324 jussit
746 3221 781 3303 in
810 3239 995 3303 collectione
1025 3241 1105 3325 Epi·
1140 3314 1144 3319 ¹

100 3361 314 3434 grammatum
343 3360 377 3414 et
407 3352 640 3435 poematiorum
661 3361 816 3428 veterum,
848 3350 977 3414 Parisiis
1009 3351 1104 3428 1590,

101 3461 282 3544 iterumque
312 3459 466 3544 Lugduni
498 3462 592 3538 1596,
628 3484 661 3545 p.
693 3461 768 3539 573,
801 3461 860 3525 ubi
896 3462 940 3525 sic
972 3462 1105 3547 inscrip-

102 3570 157 3633 sit:
191 3571 315 3655 Incipit
341 3572 475 3634 Curmeu
498 3572 607 3635 Seueri
630 3572 754 3649 Suucti,
777 3572 814 3635 id
835 3582 890 3649 est,
914 3574 1106 3637 Eudeleiclri

101 3681 262 3756 Rhetoris,
302 3680 340 3743 de
383 3682 531 3744 mortibus
571 3682 668 3746 boum.
729 3680 910 3764 Utramque
945 3683 1105 3766 inscripti-

101 3811 195 3851 onem
219 3789 333 3853 deinde
356 3790 554 3874 repetierunt
579 3790 715 3854 editores
739 3790 950 3853 Bibliothecae
973 3790 1105 3874 Magnae

102 3897 248 3976 Patrum,
277 3900 328 3963 cui
354 3900 439 3963 idem
464 3922 592 3962 carmen
617 3900 774 3963 insertum
803 3908 861 3962 est.
907 3898 969 3963 Est
997 3911 1106 3966 autem

100 4009 266 4092 inscriptio
290 4033 309 4072 a
336 4009 468 4074 Pithoeo
490 4010 636 4095 praefixa,
668 4008 893 4093 sigillatimque
916 4009 1105 4076 Endeleichi

100 4142 217 4183 nomen
238 4120 392 4198 additum,
420 4132 458 4184 ut
478 4144 521 4185 ex
544 4121 621 4205 ipsis
640 4119 760 4184 voculis
782 4119 818 4182 id
840 4129 886 4184 est
903 4120 1103 4205 intelligitur,

99 4251 165 4293 non
186 4253 230 4293 ex
252 4231 385 4313 antiquo
409 4231 526 4309 codice,
550 4232 607 4295 sed
633 4254 674 4295 ex
703 4230 836 4308 Pithoei,
861 4241 918 4295 aut
945 4231 1024 4294 alius
1049 4231 1105 4314 qui
