2706 5040
519 533 714 599 SANCTO.
1079 539 1118 602 15

113 720 249 783 nominis
262 743 280 782 e
292 718 393 784 veteri
404 722 556 784 memoria
568 722 741 805 productis.
786 720 905 785 Nullus
919 722 1035 786 horum
1047 745 1119 807 cog-

112 840 264 894 nomento
285 831 501 893 Endelechius
522 841 661 895 vocatur.
709 831 817 896 Quam
834 841 943 895 autem
962 832 1119 897 rationem

112 942 204 1024 sequi
234 942 320 1004 docti
348 941 408 1004 riri
440 942 475 1003 in
504 941 703 1004 Endelechio
740 963 814 1005 cum
848 940 966 1005 Severo
999 941 1118 1007 Sancto

112 1051 343 1115 commiscendo
369 1052 545 1135 potuerint,
581 1051 731 1134 equidem
756 1073 822 1114 non
850 1052 1019 1136 perspicio,
1056 1053 1118 1116 nisi

113 1161 245 1245 aequalis
257 1163 426 1245 utriusque
438 1172 517 1225 aetas
528 1161 602 1225 fuit.
647 1160 733 1225 Nam
747 1160 899 1245 Olybrius
911 1172 944 1225 et
959 1162 1118 1226 Probinus

114 1270 278 1348 Consules,
309 1271 426 1354 quibus
451 1270 567 1335 Romae
592 1271 702 1334 docuit
725 1270 954 1348 Endelechius,
983 1271 1118 1335 fuenmt

113 1380 156 1444 A.
185 1381 222 1444 C.
249 1381 445 1457 CCCXCV,
473 1383 564 1466 cujus
588 1383 664 1445 anni
688 1382 782 1445 initio
807 1380 1006 1446 Theodosius
1031 1382 1115 1466 Imp.

112 1490 257 1566 decessit,
287 1513 384 1573 quem
403 1490 599 1554 laudandum
622 1490 676 1554 illc
702 1490 839 1555 Paulino
863 1491 1115 1556 commendabat.

113 1599 159 1662 Et
189 1599 343 1664 Severum
381 1599 546 1676 Sanctum,
589 1600 736 1663 carminis
763 1600 902 1664 bucolici
941 1611 1114 1678 auctorem,

113 1708 336 1773 Theodosiano
358 1733 426 1772 aevo
448 1711 577 1786 vixisse,
601 1732 675 1772 cum
693 1732 735 1772 ex
756 1721 945 1792 argumento
966 1712 1035 1795 ejus
1050 1732 1118 1772 car-

109 1821 205 1883 minis
226 1819 436 1882 demonstrari
454 1828 574 1902 potest,
598 1829 669 1881 tum
689 1819 763 1882 inde
781 1818 897 1901 colligi,
921 1819 1009 1902 quod
1031 1818 1117 1882 idem

112 1928 251 1991 Sanctus
265 1928 428 1990 familiaris
451 1926 579 1990 Paulini
596 1926 694 1990 fuisse
709 1927 845 2004 videtur,
869 1928 909 1990 ad
924 1950 1020 2011 quem
1035 1929 1117 2012 epis-

110 2037 177 2101 tola
193 2036 322 2101 XXVI
338 2037 458 2100 scribit.
505 2036 668 2100 Praeterea
682 2037 818 2100 rhetoris
835 2047 868 2100 et
885 2047 992 2121 poetae
1009 2038 1117 2102 Chris·

109 2148 188 2210 tiani
215 2147 365 2229 elogium,
403 2147 429 2209 si
457 2147 491 2208 in
516 2146 622 2210 fronte
651 2148 807 2224 carminis,
847 2149 935 2232 quod
964 2147 1115 2212 Pithoeus

110 2257 235 2332 edebat,
260 2254 378 2319 Severo
400 2255 518 2319 Sancto
533 2279 605 2320 vere
628 2258 810 2341 appositum
831 2257 906 2335 fuit,
929 2257 1015 2322 forte
1041 2282 1115 2324 cau·

110 2389 177 2429 sam
206 2365 345 2448 aliquam
382 2365 523 2449 praebuit
556 2366 658 2429 doctis
685 2367 770 2444 viris,
808 2378 847 2431 ut
882 2367 1115 2434 Endelechium
1170 2409 1178 2426 ·

109 2474 269 2538 rhetorem
281 2475 344 2539 huc
357 2475 522 2540 referrent.
558 2476 683 2541 Verum
696 2477 861 2556 Paulinus,
876 2479 932 2562 qui
945 2480 1115 2564 utriusque

109 2584 265 2661 meminit,
303 2606 357 2647 eos
383 2584 465 2648 clare
494 2585 672 2669 distinguit,
710 2610 769 2650 suo
799 2609 960 2671 quemque
985 2589 1115 2651 nomine

108 2694 237 2776 proprio
263 2693 435 2778 appellans.
495 2695 542 2758 Et
569 2695 692 2778 reliqua
721 2719 832 2759 eorum
860 2706 936 2759 sunt
965 2697 1113 2782 disparia.

110 2804 198 2866 Nam
218 2803 432 2867 Endelechius
452 2803 568 2866 Romae
589 2804 725 2881 vivebat,
759 2804 894 2867 Severus
917 2804 1053 2869 Sanctus
1079 2808 1114 2870 in

111 2914 230 2978 Gallia.
276 2914 336 2978 Ille
356 2915 546 2979 rhetoricam
566 2913 682 2977 Romae
705 2913 849 2991 docebat,
872 2913 924 2977 hic
946 2937 987 2977 an
1004 2913 1116 2979 rhetor

107 3047 250 3109 unquam
272 3025 381 3103 fuerit,
409 3026 544 3089 dubium
567 3033 626 3101 est,
657 3033 742 3087 certe
766 3024 829 3088 fuit
854 3023 1113 3106 Burdegalensis,

107 3158 173 3198 uon
186 3135 364 3212 Romanus,
383 3158 481 3220 seque
493 3136 528 3198 in
538 3133 645 3198 Gallia
657 3135 828 3218 scripsisse,
846 3119 962 3218 inipso
974 3136 1113 3199 carmine

106 3243 224 3328 prodit,
239 3245 296 3307 ubi
308 3244 396 3308 luem
407 3246 506 3309 boum
518 3244 628 3308 scribit
640 3253 714 3307 ante
727 3243 843 3326 Belgas
855 3241 1005 3321 vastasse,
1026 3266 1115 3308 nunc

108 3353 205 3416 etiam
219 3354 261 3416 ad
273 3353 442 3438 populares
457 3377 531 3418 suos
543 3354 714 3418 transiisse.
760 3353 807 3416 Et
822 3354 848 3418 si
860 3352 1006 3438 pluribus
1019 3376 1114 3438 argu-

106 3465 223 3526 mentis
236 3463 404 3527 discrimen
415 3464 525 3528 Sancti
538 3475 571 3528 et
582 3463 772 3528 Endelechii
783 3465 919 3549 probare
931 3487 996 3528 non
1006 3464 1112 3543 datur,

107 3574 194 3658 quod
207 3597 278 3637 rara
291 3574 460 3658 utriusque
474 3574 595 3645 mentio
608 3575 695 3659 apud
708 3584 830 3639 veteres
845 3575 1013 3658 reperitur,
1035 3575 1115 3638 satis

107 3693 216 3746 tamen
229 3684 299 3747 haec
314 3683 466 3748 valebunt
481 3685 521 3748 ad
541 3684 673 3749 alteram
693 3685 886 3768 opinionem,
910 3706 986 3765 quae
1009 3683 1112 3768 diver-

106 3813 214 3855 sorum
240 3793 369 3856 nomina
387 3793 445 3857 uni
467 3794 589 3857 homini
611 3793 736 3869 tribuit,
771 3813 830 3854 nec
850 3791 916 3853 ullo
943 3792 1112 3854 vetustatis

104 3901 290 3965 testimonio
303 3902 430 3980 nititur,
452 3902 666 3988 rejiciendam.
713 3900 789 3966 Quo
804 3900 904 3983 magis
918 3899 1035 3964 mirum
1050 3911 1110 3980 est,

72 4029 79 4040 ·
104 4009 208 4073 levem
235 4014 450 4097 conjecturam
478 4012 612 4089 Pithoei,
642 4010 849 4094 inscriptione
876 4011 1024 4076 carminis
1054 4034 1112 4076 ex-

103 4142 256 4203 pressam,
281 4123 325 4185 sic
350 4123 499 4208 amplecti
521 4122 630 4188 omnes
649 4121 717 4185 fere
739 4121 880 4186 eruditos
896 4125 1051 4206 potuisse,
1073 4134 1111 4188 ut

104 4253 170 4293 non
182 4232 284 4296 solum
299 4235 354 4316 qui
368 4235 471 4297 obiter
485 4235 553 4318 ejus
566 4233 712 4296 carminis
724 4233 918 4296 mentionem
930 4233 1110 4316 injicerent,
1181 4279 1189 4299 .
