2706 5040
178 498 200 560 4
575 493 791 559 LECTORI.

178 694 289 768 topere
319 682 455 748 faventis
489 683 560 745 Jac.
593 682 768 765 Bonparaa'a'
799 677 998 760 benignitate
1033 676 1191 760 primitus

177 793 275 856 oculis
291 793 356 856 suis
369 793 428 855 hos
440 791 620 868 versiculos,
637 813 717 875 quos
733 800 766 853 et
780 789 884 852 indice
900 799 933 851 et
947 789 982 850 in
992 788 1190 872 praefatione

177 912 211 965 et
227 903 261 965 in
281 903 366 966 notis
382 903 481 965 afficit
496 901 709 986 appellatione
729 901 888 962 Carminis
902 899 1062 975 Bucolici,
1087 921 1190 982 quam

175 1011 223 1074 illi
237 1012 326 1074 dedit
338 1011 484 1075 Pithaeus
498 1012 532 1074 in
544 1010 647 1073 indice
660 1009 728 1072 istis
741 1007 1034 1093 Epigrammatibus
1045 1007 1187 1090 praefixo

176 1122 344 1206 utriusque
380 1121 539 1197 editionis,
579 1119 788 1203 usurpavisse.
854 1118 939 1183 Quae
975 1139 1050 1180 sane
1085 1118 1188 1180 verba

177 1229 292 1292 docent
306 1230 345 1293 ab
368 1231 410 1293 W
406 1232 499 1293 citato
515 1240 548 1292 et
561 1251 620 1313 pro
635 1228 800 1291 rarissimis
814 1227 941 1290 habitos
955 1225 1063 1303 fuisse,
1088 1237 1122 1289 et
1144 1228 1187 1290 de

174 1339 237 1401 illis
249 1339 330 1401 nihil
344 1338 432 1402 aliud
446 1339 620 1421 cognitum,
645 1360 742 1420 quam
756 1347 831 1400 ante
846 1336 879 1399 id
894 1346 1021 1420 tempus
1037 1336 1187 1400 extitisse

176 1459 302 1512 tantum
322 1449 357 1511 in
372 1449 432 1511 hac
456 1429 595 1510 editione
611 1446 692 1509 Ant.
711 1446 846 1509 Candidi
870 1468 953 1508 anno
978 1446 1072 1521 1596,
1096 1446 1186 1508 unde

177 1556 368 1640 descriptam
383 1556 559 1619 exhibebat
575 1557 712 1640 primam
732 1567 852 1633 notam,
876 1555 952 1618 satis
972 1554 1076 1617 inerti.
1088 1555 1186 1618 modo

176 1667 243 1729 sine
263 1666 330 1730 ulla
352 1667 513 1730 mentione
536 1666 625 1730 Petri
651 1666 781 1743 Pithaei,
809 1666 866 1750 qui
892 1665 1060 1728 fasiculum
1083 1665 1187 1728 istum

176 1777 442 1861 epigrammatum
465 1779 505 1841 ab
530 1777 673 1840 Candido
694 1787 771 1840 tunc
792 1776 960 1852 editorum,
992 1797 1057 1838 non
1079 1776 1187 1859 prima

174 1887 253 1965 rice,
281 1889 337 1951 sed
356 1911 399 1951 ex
418 1888 634 1951 antecedentis
650 1886 797 1949 editionis
813 1885 961 1976 exemplo
975 1907 1040 1947 non
1056 1895 1187 1948 tantum

175 1996 356 2080 collegerat,
380 1997 435 2059 sed
448 1996 573 2058 fortasis
590 1996 687 2058 etiam
702 1994 825 2058 edendo
838 1993 1023 2078 praefuerat,
1047 2002 1080 2056 et
1095 1994 1185 2057 solus

174 2106 310 2187 primam
339 2105 512 2167 editionem
542 2115 716 2181 curaverat,
752 2105 786 2167 in
817 2105 908 2188 cujus
934 2103 1018 2167 notis
1039 2102 1101 2167 Vir
1127 2104 1186 2167 ille

174 2236 316 2277 summus
331 2214 476 2276 debitum
490 2214 574 2297 grati
588 2215 685 2277 animi
700 2213 853 2277 indicium
867 2214 1003 2297 protulit
1018 2236 1093 2295 erga
1107 2213 1186 2277 doc-

173 2323 332 2386 tissimum
347 2321 453 2384 Ellam
468 2321 625 2387 Vinctum
642 2322 827 2399 Santonem,
850 2323 936 2385 unde
952 2331 1127 2405 acceperat.

239 2430 302 2493 Est
317 2431 402 2493 enim
417 2442 503 2494 certe
519 2453 618 2515 penes
639 2455 691 2495 me
709 2432 807 2495 editio
823 2432 916 2517 plicae
937 2433 1080 2509 minoris,
1104 2455 1182 2516 quae

174 2541 209 2603 in
225 2540 331 2603 fronte
347 2541 469 2624 profert
492 2540 655 2603 “Parisiis
677 2542 763 2626 apud
777 2541 950 2606 Nicolaum
966 2542 1112 2620 Gillium,
1131 2545 1183 2608 via

175 2648 209 2712 S.
241 2648 373 2712 Joannis
399 2649 634 2727 Laterauensis,
666 2652 725 2715 sub
748 2653 847 2716 trium
870 2653 1066 2716 Coronarum
1089 2655 1181 2737 signo

174 2758 432 2824 MDLXXXX
456 2782 530 2824 cum
552 2760 741 2844 privilegio”
767 2763 857 2846 cujus
877 2762 1036 2846 privilegii
1056 2785 1182 2826 summa

173 2869 213 2931 ab
241 2880 331 2952 tergo
353 2871 480 2954 paginae
505 2893 631 2934 annexa
658 2880 716 2934 est.
776 2870 841 2934 Sed
867 2871 901 2931 in
923 2871 988 2933 fine
1014 2894 1089 2955 pag.
1113 2872 1176 2936 491

173 2977 289 3042 adsunt
302 2979 372 3042 haec
392 2979 565 3044 “Parisiis
610 2979 803 3043 Excudebat
818 2978 994 3063 Dionysius
1009 2980 1180 3045 Duvallius

171 3090 392 3174 typographus
407 3112 490 3152 anno
505 3089 638 3153 Domini
660 3089 826 3152 millesimo
848 3089 1103 3172 quingentesimo
1126 3115 1180 3156 oc-

171 3199 348 3280 tuagesimo
383 3222 479 3276 nono,
516 3221 626 3262 mense
665 3198 848 3283 Septembri
857 3198 873 3223 ’'
917 3199 1033 3283 Itaque
1061 3201 1179 3266 horum

173 3305 309 3369 duorum
322 3307 451 3369 nomina
467 3307 692 3389 exprimuntur
707 3308 803 3370 etiam
818 3309 852 3370 in
868 3308 1045 3392 privilegio.
1091 3309 1179 3374 Tum

171 3416 323 3479 successit
352 3415 452 3479 altera
481 3415 579 3478 editio
609 3415 746 3479 Antonii
782 3417 927 3496 Candidi,
964 3419 1053 3503 cujus
1083 3429 1179 3503 typo-

83 3603 86 3612 Ι
171 3524 305 3608 graphia
333 3525 367 3587 id
398 3524 533 3607 perfecit
564 3524 726 3609 Lugduni,
766 3550 866 3611 quum
900 3529 935 3591 in
969 3529 1075 3592 fronte
1107 3530 1178 3614 ipsa

80 3692 82 3696 .
169 3634 311 3718 positum
326 3633 367 3697 sit
382 3635 470 3718 opud
482 3635 631 3697 Jacotam
652 3636 770 3699 Chouet
783 3637 896 3700 MDX
901 3638 989 3701 CVI.

236 3743 319 3807 Haec
342 3744 441 3830 igitur
468 3744 511 3808 sic
536 3745 731 3828 aliquamdiu
755 3746 866 3809 relicta
886 3758 972 3825 sunt,
1000 3758 1038 3811 ut
1061 3771 1176 3831 parum

169 3855 335 3937 potuerint
359 3856 399 3918 ad
425 3855 588 3919 meliorem
610 3855 715 3919 lucem
740 3857 929 3939 promoveri.
982 3856 1077 3920 Certe
1100 3857 1175 3920 hinc

170 3973 228 4040 est,
257 3963 343 4045 quod
363 3964 513 4028 Eximius
529 3964 583 4028 ille
601 3965 779 4029 studiorum
798 3967 940 4029 omnium
965 3977 1120 4030 scrutator
1143 3978 1176 4030 et

169 4070 297 4155 adjutor
313 4070 498 4136 Gerhardus
514 4073 534 4135 J
536 4074 675 4137 ohannes
690 4074 824 4139 Vossius
842 4075 876 4137 in
897 4098 992 4160 opere
1008 4077 1047 4139 de
1064 4075 1175 4138 Poetis

170 4180 304 4258 Latinis,
346 4206 446 4266 quum
480 4186 675 4268 pervenisset
715 4186 755 4249 ad
794 4197 938 4249 extrema
973 4186 1175 4250 Constantini
