2706 5040
520 532 714 598 SANCTO.
1079 532 1118 601 17

113 715 241 779 affinem
264 717 385 793 laudat,
411 727 444 779 et
464 717 566 782 filium
590 718 738 782 habuisse
763 728 927 783 memorat.
973 720 1118 786 Deorum

114 824 216 888 cultui
245 826 334 909 prius
364 826 536 904 addictum,
576 850 653 890 mox
685 826 812 890 Christo
838 849 955 891 nomen
984 829 1117 908 dedisse,

112 939 219 1003 innuit
236 939 401 1018 Paulinus,
426 941 518 1024 epist.
542 941 595 1004 cit.
642 939 849 1003 Occasionem
873 941 1030 1006 scribendi
1051 965 1118 1006 car-

111 1047 205 1110 minis
220 1048 335 1112 habuit
350 1070 368 1112 a
384 1049 536 1132 pestifera
552 1049 616 1125 lue,
641 1071 714 1132 quae
732 1049 828 1112 boves
845 1072 903 1134 per
919 1049 1117 1116 Pannoniam

111 1157 251 1241 primum
279 1169 313 1221 et
343 1157 518 1242 Illyricum,
549 1159 662 1221 deinde
690 1158 816 1241 Belgas,
853 1170 1016 1238 straverat,
1047 1173 1117 1226 tum

111 1267 209 1331 etiam
222 1278 444 1351 penetraverat
458 1269 492 1332 in
506 1268 656 1332 Galliam.
671 1260 714 1332 V.
730 1291 810 1332 vers.
826 1271 879 1332 22.
916 1268 1021 1334 Luem
1035 1271 1116 1335 hanc

111 1375 155 1440 A.
183 1376 220 1442 C.
248 1378 313 1441 409
337 1376 467 1442 Alarico
493 1377 621 1442 Italiam
646 1379 799 1461 ingresso,
821 1379 982 1463 perruptis
1004 1381 1073 1464 ejus
1098 1403 1116 1443 e

111 1483 277 1550 Pannonia
303 1496 336 1550 et
363 1485 492 1571 Illyrico
519 1487 675 1564 claustris
705 1487 858 1551 infudisse
885 1511 930 1565 se,
961 1498 994 1552 et
1020 1488 1115 1572 longe

110 1595 239 1680 lateque
269 1619 372 1679 agros,
408 1606 561 1672 armenta,
591 1596 675 1658 viros
704 1594 853 1673 vastasse,
893 1596 1045 1660 Ruffinus
1075 1597 1116 1660 ad

111 1702 333 1768 Chromatium
355 1703 465 1779 refert,
488 1703 575 1787 apud
597 1703 764 1784 Sigonium
780 1703 858 1766 libr.
883 1704 920 1767 X
941 1705 980 1767 de
1004 1704 1114 1768 Occid.

107 1811 186 1897 imp.
235 1812 301 1875 Sed
328 1833 447 1874 annum
477 1813 546 1895 ejus
572 1811 759 1875 calamitatis
786 1811 842 1875 vix
869 1812 1000 1875 definire
1027 1813 1115 1889 licet,

106 1944 215 2005 neque
240 1921 337 1985 etiam
358 1943 485 1984 necesse
510 1933 567 1984 est.
614 1921 683 1984 Diu
706 1923 792 1985 enim
817 1922 1030 2007 multumque,
1057 1940 1116 2007 per

105 2031 272 2115 variasque
288 2042 398 2108 terras,
420 2030 505 2093 inter
525 2031 609 2094 bella
624 2042 657 2094 et
672 2030 833 2094 eluviones
853 2032 999 2116 gentium
1013 2033 1114 2096 conti·

107 2163 188 2204 nuas
208 2150 350 2223 grassata
370 2139 440 2203 haec
454 2139 523 2202 lues
538 2136 675 2216 videtur,
702 2142 788 2224 quod
808 2141 963 2226 imprimis
978 2152 1115 2206 testatur

107 2249 309 2326 Ambrosius,
333 2249 476 2334 ejusdem
501 2249 652 2333 temporis
673 2248 818 2333 scriptor,
845 2249 1059 2316 Commentar.
1079 2251 1113 2315 in

107 2359 230 2424 Lucam
243 2361 300 2424 lib.
319 2355 366 2436 X,
390 2381 458 2443 cap.
475 2359 529 2435 21,
547 2356 648 2422 Tomo
662 2357 714 2423 IV
729 2358 791 2444 Op.
815 2382 848 2444 p.
863 2361 941 2424 739:
971 2362 1112 2438 Quanta,

106 2469 223 2553 inquit,
246 2468 365 2553 proelia
383 2477 414 2532 et
436 2489 514 2551 qaas
535 2470 695 2551 opiniones
711 2469 887 2552 accepimus
903 2470 1113 2554 proeliorum!

110 2579 189 2647 ΘΜ
209 2581 342 2643 omnium
354 2579 471 2661 fames,
497 2577 563 2642 lues
576 2580 707 2661 puriter
725 2580 812 2642 boam
833 2590 928 2664 atque
946 2581 1112 2656 domiuum,

108 2691 276 2772 ceterique
292 2690 430 2772 pecoris,
454 2690 600 2750 uterium
615 2708 680 2763 cos,
700 2689 755 2771 qui
776 2688 889 2752 bellum
904 2710 965 2752 nou
973 2685 1114 2772 pertuli·

107 2819 185 2873 mus,
202 2792 367 2860 debellatis
382 2806 486 2859 tomen
495 2816 595 2878 parea
601 2795 722 2877 fecerit
730 2794 930 2878 pestilentia.
978 2795 1113 2880 Copiose

105 2905 205 2969 etiam
220 2904 259 2967 de
274 2904 387 2967 horum
403 2914 584 2986 temporum
605 2901 838 2964 calamitatibus
860 2902 927 2985 agit
948 2902 1113 2968 Salvianus

107 3013 232 3096 Massil.
256 3014 312 3077 lib.
329 3010 417 3078 Vde
434 3012 569 3095 gubern.
595 2999 669 3075 Dei.
712 3011 752 3074 In
772 3011 842 3095 ipso
863 3012 1001 3076 carmine
1018 3014 1113 3078 Seve-

103 3149 160 3191 rus
174 3125 338 3191 Christum
349 3125 399 3188 bis
411 3133 566 3188 memorat
577 3132 615 3186 ut
628 3122 746 3198 Deum,
761 3143 899 3205 eumque
911 3144 996 3185 nunc
1008 3124 1112 3187 solum

103 3234 227 3318 magnis
254 3234 288 3298 in
315 3232 449 3297 urbibus
477 3233 538 3295 coli
564 3230 723 3315 perhibet,
747 3254 777 3294 v.
807 3230 878 3294 106.
924 3230 1002 3295 Vim
1028 3232 1111 3315 signi

104 3344 208 3408 crucis
222 3365 423 3427 summopere
443 3342 608 3426 praedicat,
632 3351 665 3404 et
686 3341 748 3405 fide
773 3341 943 3404 ascedente
960 3341 1112 3424 pestilen-

104 3453 184 3519 tiam
206 3476 244 3517 eo
267 3453 410 3516 sedatam
437 3432 505 3516 esse
532 3434 654 3526 asserit,
678 3460 789 3515 contra
814 3450 892 3514 nihil
914 3470 1111 3536 paganorum

104 3562 258 3626 sacrificia
273 3572 307 3625 et
319 3583 416 3625 caesas
428 3560 570 3624 victimas
585 3559 751 3644 profuisse.
793 3558 877 3626 Quae
893 3582 967 3623 sane
981 3561 1110 3625 demon-

104 3679 219 3748 strant,
235 3669 390 3755 scriptum
405 3692 472 3733 esse
488 3691 614 3733 carmen
629 3693 667 3733 eo
683 3681 836 3754 tempore,
851 3691 915 3752 quo
932 3668 1112 3734 Christiana

104 3779 237 3865 quidem
260 3779 382 3863 religio,
413 3780 515 3844 midta
539 3780 606 3864 jam
633 3778 858 3864 superstitione
886 3779 1109 3856 contaminata,

103 3888 301 3969 invaluisset,
323 3899 526 3974 superessent
547 3899 654 3951 tamen
679 3897 713 3950 et
734 3885 853 3970 passim
874 3884 1109 3952 celebrarentur

103 3999 258 4062 sacrificia
280 4008 314 4062 et
342 3998 424 4062 ritus
447 3996 626 4082 gentilium,
657 3996 689 4059 h.
716 4019 744 4058 e.
771 3995 924 4080 scriptum
948 4019 1015 4061 esse
1043 4020 1111 4061 aevo

105 4106 289 4185 Theodosii,
313 4118 370 4171 aut
387 4108 417 4170 ei
437 4107 597 4191 proximo.
645 4106 713 4169 Sub
732 4105 911 4170 Theodosio
933 4108 1019 4171 enim
1036 4130 1110 4172 con-

104 4226 171 4281 stat
190 4217 411 4302 paganismum
425 4217 471 4282 ita
491 4216 662 4293 sublatum,
681 4227 719 4280 ut
742 4215 855 4280 clausis
870 4229 927 4281 aut
944 4218 1112 4281 destructis

833 4347 855 4397 C
