2706 5040
168 525 212 587 30
486 519 660 585 SEVERI
684 518 856 585 SANCTI

299 755 395 821 Nunc
411 757 499 840 lapsa
512 756 642 840 penitus
657 777 729 839 spes
742 757 812 841 opis
826 767 875 820 est
890 778 986 834 meae,

298 888 355 965 Et,
377 887 492 972 longus
506 889 632 973 peperit
647 911 720 972 quae
734 889 826 953 labor
841 891 994 954 omnibus

298 1021 388 1086 Vitae
403 1022 611 1107 temporibus,
634 1024 759 1108 perdita
773 1024 883 1089 biduo.

559 1149 678 1221 Crirsus
693 1167 759 1220 tam
775 1158 857 1222 citus
872 1168 921 1222 est
935 1159 1040 1224 malis
1115 1163 1156 1226 20

191 1364 270 1432 AEa.
299 1365 382 1430 Haee
399 1368 469 1451 jam
483 1365 551 1429 dira
564 1363 634 1428 lues
649 1385 775 1448 serpere
790 1364 919 1427 dicitur.

299 1498 428 1564 Pridem
444 1498 655 1576 Pannonicos
680 1498 824 1582 Illyricos
840 1520 970 1583 quoque

298 1633 345 1699 Et
360 1633 476 1718 Belgas
490 1634 628 1717 graviter
641 1633 763 1710 stravit,
786 1643 820 1697 et
834 1633 935 1717 impio
1028 1678 1033 1684 -

559 1765 665 1830 Cursu
679 1787 737 1831 nos
753 1787 881 1850 quoque
896 1786 985 1829 nune
1000 1765 1098 1850 petit.

299 1970 365 2036 Sed
380 1982 427 2049 tu,
450 1972 507 2056 qui
522 1971 635 2036 solitus
649 1971 743 2036 ndsse
758 1970 938 2036 salubribus
1110 1972 1152 2037 25

298 2105 409 2172 Suceis
422 2104 597 2190 perniciem
611 2104 730 2190 pellere
744 2104 886 2182 noxiam,

300 2241 366 2307 Cur
381 2263 446 2305 non
461 2239 650 2326 anticipans,
674 2262 748 2324 quae
763 2237 937 2304 metuenda
951 2248 1041 2316 sunt,

559 2373 711 2440 Admdsti
722 2373 861 2440 medicas
874 2375 1009 2438 manus?

191 2583 276 2648 Boc.
301 2580 398 2647 Tanti
409 2579 499 2646 nulla
511 2589 617 2645 metus
631 2580 740 2665 pervia
754 2580 845 2664 signa
859 2588 946 2658 sunt,

299 2709 365 2781 Sed
379 2716 466 2802 quod
480 2709 623 2802 corripit,
645 2714 679 2779 id
692 2715 823 2778 morbus
838 2723 871 2778 et
886 2713 1055 2799 opprimit;
1110 2716 1155 2780 30

298 2851 369 2916 Nee
383 2849 535 2935 languere
550 2849 638 2926 sinit,
661 2869 720 2913 nec
735 2848 859 2933 patitur
872 2870 995 2914 morast

561 2982 614 3047 Sic
628 3005 713 3049 mors
726 2991 801 3047 ante
815 2982 901 3068 luem
915 2983 1016 3049 venit.

300 3190 457 3256 Plaustris
471 3189 674 3255 subdideram
688 3188 784 3254 fortia
798 3211 931 3274 corpora

300 3326 483 3402 Lectorum‚
507 3326 613 3392 studio
627 3349 692 3411 quo
706 3327 810 3412 potui,
832 3326 946 3405 boum3

301 3457 403 3524 Queis
417 3460 534 3524 mentis
547 3453 684 3545 geminae
700 3482 838 3526 consona
851 3460 978 3525 tinnulo
1004 3475 1011 3492 ·
1110 3463 1157 3527 35

561 3594 728 3660 Coneentu
739 3595 949 3680 crepitacula3

301 3801 396 3866 AEtas
412 3800 593 3879 consimilis,
616 3810 760 3887 sataque
776 3803 932 3880 concolor,

301 3934 520 4001 Mansuetudo
534 3936 655 4014 eadem,
679 3938 776 4002 robur
791 3938 876 4002 idem
889 3937 964 4015 fuit,

300 4067 347 4132 Et
360 4070 473 4148 fatum,
496 4072 601 4137 medio
615 4094 690 4135 nam
704 4072 771 4137 ruit
786 4094 900 4156 aggere

560 4205 622 4271 Par
637 4206 755 4271 victum
770 4205 863 4290 parili
878 4229 965 4270 nece.
1111 4206 1156 4269 40
