2706 5040
629 560 741 604 uonm.
1120 619 1123 627 1
1140 543 1182 606 47

179 721 298 770 Lucanus
316 721 367 781 VI,
391 723 437 772 99:
465 721 520 772 Nee
538 722 607 771 medii
625 723 740 773 dirimunt
753 723 827 774 morbi
845 724 964 788 vitamque
982 741 1112 789 necemque,
1132 724 1184 775 Sed

174 808 276 875 louquor
286 826 338 860 eum
349 817 422 860 morte
433 810 654 861 venit-Wseus.
1176 824 1179 829 '

226 984 311 1038 Vsus.
325 985 455 1036 ill-Nee
469 987 565 1051 potitur
582 989 681 1053 moras]
709 987 798 1038 Senec.
816 986 893 1037 Here.
910 985 969 1036 Fur.
989 988 1082 1038 v.611.
1122 985 1183 1038 odit

174 1091 246 1124 verm
259 1091 333 1134 amor,
349 1076 503 1140 ampetitur
518 1092 606 1126 morae.
641 1075 680 1126 Et
694 1076 784 1127 Oetar.
801 1091 825 1127 v.
839 1077 896 1127 357.
932 1076 1078 1142 Patiturque
1092 1093 1181 1127 moram

174 1162 268 1214 sceleris
278 1162 453 1214 nullam-W.
992 1163 995 1167 ’

226 1341 312 1394 Vnus.
325 1341 699 1408 33.-Fortineorporaboum.]
736 1342 812 1394 Ovid.
827 1358 844 1393 1.
867 1343 943 1392 Pont.
957 1343 981 1392 5.
1022 1341 1181 1392 Cernieatin

175 1431 243 1481 duris
254 1433 291 1496 (et
301 1431 360 1496 quid
369 1431 427 1482 boue
435 1431 566 1494 firrniasi)
583 1433 649 1482 oreis
657 1431 743 1481 Fortia
752 1440 873 1483 taurorum
884 1450 986 1498 corpora
993 1433 1100 1498 fremat
1110 1449 1178 1498 opus.

176 1518 231 1569 Bos
241 1527 326 1570 autem
338 1519 391 1569 sive
403 1527 489 1568 taurus
500 1527 595 1569 naturae
606 1519 739 1569 admodum
751 1520 860 1571 robustae
870 1536 899 1569 ae
909 1520 997 1570 validae
1008 1527 1056 1570 est.
1087 1520 1105 1570 J
1106 1519 1179 1569 ohan.

178 1606 271 1656 Thom.
294 1605 409 1670 Freigius
427 1605 454 1655 in
473 1614 560 1670 quaest.
581 1605 658 1671 Phys.
675 1607 720 1656 lib.
738 1608 777 1656 34.
800 1623 856 1671 pag.
873 1608 943 1658 1084.
966 1607 1035 1656 Hine
1050 1607 1142 1670 Virgil.
1159 1622 1178 1657 1.

178 1695 271 1760 Georg.
301 1694 387 1744 Fortes
398 1694 550 1746 teari-W.
586 1694 672 1745 Fortia
683 1694 886 1761 corporaboam]
910 1695 936 1745 S.
950 1692 1078 1748 Valerian.
1096 1695 1181 1746 Cime-

172 1782 252 1833 lensis
271 1798 345 1833 serm.
369 1783 486 1832 debono
504 1782 654 1846 disciplina:
687 1783 779 1840 Videte,
803 1783 874 1846 qudm
888 1783 970 1848 sirmia
989 1782 1057 1833 mum
1078 1799 1181 1847 corporo

170 1870 281 1937 plaustro
299 1870 436 1937 snbjieeont.
473 1871 514 1921 lbi
530 1871 598 1920 hune
615 1870 717 1920 adducit
735 1870 818 1920 locum
839 1870 866 1918 in
886 1869 962 1920 Notis
980 1869 1049 1920 omni
1068 1870 1181 1919 doctrina

172 1958 341 2024 politissimus
352 1959 498 2019 Goldastus,
513 1974 597 2009 earum
606 1959 669 2008 illud
677 1967 760 2023 eaput.
783 1958 877 2010 Boe'th.
891 1959 936 2009 lib.
949 1960 973 2008 3.
984 1974 1051 2023 pros.
1065 1961 1089 2010 8
1113 1958 1181 2009 Nom

173 2057 257 2098 tauros
273 2048 357 2098 robore
373 2064 488 2114 superare
508 2049 635 2113 poteritis?
667 2048 763 2100 Confer
779 2047 891 2097 Iudicem
908 2047 935 2096 in
953 2046 1045 2096 Hilarii
1060 2047 1181 2106 Genesin,

172 2151 236 2186 voce
253 2136 434 2186 Arbion-W.
467 2135 592 2195 Plaustro,
614 2136 641 2185 h.
657 2134 719 2200 jugo
737 2135 768 2185 ad
787 2136 935 2199 plaustrum,
954 2136 1031 2194 sabdi,
1054 2135 1180 2201 subjungi,

173 2225 257 2276 subire
276 2225 355 2276 boves
374 2225 499 2285 dicunnu,
515 2225 642 2290 frequenti
660 2225 776 2285 formula,
799 2224 870 2290 eujus
890 2226 963 2289 plura
980 2225 1095 2288 exempla
1111 2224 1181 2275 dedit

176 2314 321 2366 Sehefferus
334 2314 365 2364 de
380 2329 407 2363 re
421 2314 503 2365 vehic.
520 2313 565 2364 lib.
582 2329 600 2373 1,
618 2329 672 2379 cap.
691 2316 729 2374 10,
746 2331 771 2378 p.
790 2316 844 2365 lll.
880 2313 966 2365 Fortia
979 2331 1081 2379 corpora
1097 2313 1179 2364 bobus

172 2403 200 2454 in
215 2403 303 2468 primis
320 2404 404 2453 solent
417 2402 503 2453 tribui.
542 2401 618 2453 Ovid.
637 2402 713 2453 Pont.
731 2418 749 2462 1,
765 2403 789 2453 4.
811 2404 853 2453 ll:
880 2402 966 2453 Cernis
983 2411 1009 2452 m
1024 2404 1049 2452 in
1066 2403 1141 2462 doris,
1157 2409 1181 2452 et

173 2491 233 2556 quid
242 2491 299 2542 bove
306 2491 413 2554 firmius,
429 2491 496 2541 arria
507 2489 593 2540 Fortia
604 2498 726 2541 taurorum
735 2508 838 2557 corporo
845 2493 953 2559 fronqat
962 2491 1179 2558 opum-Wsarm.

225 2668 312 2722 vass.
325 2667 512 2719 bii-Geminae
523 2668 628 2732 mentm]
645 2666 727 2726 Mens,
742 2683 788 2731 pro
799 2683 871 2727 sono,
885 2668 982 2731 opinor,
999 2665 1090 2732 posita.
1128 2667 1179 2716 Per

171 2758 313 2808 huncenim
320 2757 358 2817 fit,
373 2766 403 2808 ut
410 2756 562 2821 crepitacula
567 2756 607 2805 vel
614 2756 679 2806 nolae
687 2764 762 2819 atque
771 2755 939 2806 tintinnabula
947 2755 1031 2805 vivere
1040 2772 1068 2805 ae
1080 2764 1178 2806 tantum

172 2863 226 2898 non
240 2855 326 2897 mente
340 2847 442 2911 proedita
460 2845 603 2896 videantur:
632 2845 769 2908 prasertim
785 2845 806 2893 si
821 2845 893 2909 plura
907 2844 976 2893 suavi
989 2844 1117 2894 harmonia
1130 2845 1179 2895 sibi

172 2936 282 2987 invicem
292 2945 437 2994 consonent,
452 2951 481 2984 ac
489 2941 611 2984 certarum
624 2932 767 2984 cantionum
780 2931 911 2983 melodiam
921 2933 1068 2997 exprimant.
1103 2933 1179 2994 Quod

171 3023 308 3075 artificium
318 3039 366 3072 nec
376 3023 469 3073 nostris
480 3021 587 3086 ampliils
598 3021 743 3072 hominibus
753 3019 826 3086 plani
837 3021 992 3085 incognitum
997 3042 1007 3092 3
1030 3029 1088 3071 utut
1100 3023 1179 3073 exteri

172 3112 279 3163 antehac
290 3127 321 3162 eo
332 3127 360 3161 se
374 3111 500 3176 jactarint.
538 3110 607 3164 Vide
621 3110 728 3160 Hieron.
747 3110 817 3174 Mag.
832 3111 863 3160 de
878 3108 1053 3160 tintinnabulis
1068 3126 1121 3174 cap.
1140 3112 1178 3162 17.

173 3218 231 3253 cum
245 3203 312 3252 notis
329 3201 372 3251 Fr.
392 3199 566 3251 swerm-S.
604 3198 677 3249 Nulli
694 3199 844 3258 dubitamus,
867 3207 968 3262 poetam
984 3199 1020 3248 sie
1035 3197 1176 3263 scripsisse:

178 3291 255 3352 Quoia
261 3292 359 3357 frontes
371 3291 478 3356 qeminre,
494 3305 597 3339 consona
608 3285 696 3338 tinnulo
712 3287 833 3337 Coneentu
843 3285 994 3352 crepitaculo,
1012 3286 1089 3337 Aetas
1100 3289 1179 3338 conei-

172 3378 242 3430 mr'lis.
279 3377 409 3429 Describit
431 3377 497 3426 enim
520 3392 565 3441 per
586 3375 682 3426 frontes
704 3376 816 3439 geminas
836 3375 944 3425 similem
966 3375 1073 3426 formam
1092 3377 1178 3438 boum,

173 3466 331 3531 similemque
350 3472 491 3530 aspectum:
518 3465 656 3529 eodemque
675 3465 751 3515 modo
767 3464 873 3514 inferius
890 3481 913 3514 v.
928 3465 964 3517 82
981 3466 1066 3518 laudat
1084 3474 1179 3518 tearum

163 3555 259 3622 frontis
270 3555 360 3605 ardice.
381 3553 511 3608 HEVM.
532 3553 591 3618 Ego
601 3553 665 3603 nihil
677 3555 822 3605 mutandum
835 3563 905 3620 puto,
922 3555 995 3608 aliter
1005 3564 1089 3608 tamen
1099 3558 1179 3623 expli-

173 3643 252 3694 canda
262 3644 344 3703 verba,
360 3658 390 3692 ae
401 3642 508 3694 Severus
519 3642 588 3702 feeit,
603 3643 646 3707 qui
657 3645 740 3693 mentm
748 3643 825 3695 trahit
835 3645 867 3694 ad
878 3645 1038 3709 crepitacula,
1053 3654 1080 3697 et
1087 3663 1178 3697 sonum

172 3732 301 3797 intelligit,
319 3748 369 3797 quo
382 3731 436 3791 fiat,
452 3740 482 3782 ut
495 3732 647 3796 crepitacula
659 3733 744 3782 vivere
756 3749 785 3782 ae
798 3739 896 3782 tantum
911 3747 962 3782 non
976 3742 1061 3785 mente
1076 3736 1179 3799 praedita

171 3822 312 3875 videantur.
344 3821 438 3873 Mentis
456 3821 559 3886 antiqua
578 3821 700 3885 scriptura
718 3828 760 3871 est
780 3834 826 3884 pro
844 3827 937 3870 mentes.
978 3821 1037 3880 Quo
1056 3822 1178 3873 vocabulo

171 3919 255 3978 poetse
270 3926 449 3975 nonnunquam
464 3911 602 3961 abutuntur
615 3909 647 3958 ad
662 3908 772 3958 indolem
786 3914 813 3957 et
824 3915 938 3958 naturam
951 3908 1082 3960 brutorum
1096 3910 1178 3976 desig-

171 4001 288 4050 nandam.
327 4001 400 4065 Virg.
426 4000 459 4052 G.
476 4015 518 4060 111,
540 4001 603 4051 267:
624 3999 702 4063 sarm
718 4005 753 4046 eat
771 3997 872 4063 ineian'a
890 4015 1011 4061 equarum,
1034 3998 1072 4049 Et
1089 4008 1179 4050 menna

179 4087 262 4141 Venae
274 4090 329 4155 ipsa
344 4088 416 4138 dedit.
453 4088 576 4140 Similiter
590 4086 679 4139 Claud.
693 4084 736 4138 IV
752 4085 829 4138 Cous.
846 4085 915 4136 Hon.
929 4087 986 4147 233,
1003 4102 1017 4135 e
1032 4087 1178 4138 Platonico-

171 4191 229 4226 rum
244 4184 396 4236 tommento,
414 4186 503 4241 praeter
518 4185 628 4227 mentem
643 4175 712 4225 illam
728 4174 854 4240 propriam
868 4175 987 4235 hominis,
1001 4177 1108 4242 qeminae
1117 4177 1179 4227 alias

173 4264 198 4314 ei
217 4264 314 4327 tribuit,
343 4282 404 4330 quaa
424 4281 570 4317 communes
593 4281 650 4316 eum
668 4263 750 4318 brutis
769 4263 853 4326 habet,
877 4267 939 4316 iram
961 4273 987 4316 et
1006 4264 1177 4330 cupiditatem.
