2706 5040
181 517 223 580 48
623 531 734 575 nore.

183 699 291 750 Severus
302 698 377 761 igitur
387 694 468 746 bobus
479 694 548 743 hisee
560 701 645 744 mentes
657 694 764 758 gemnae
776 693 874 752 tribuit,
891 695 918 743 h.
935 710 960 743 e.
977 709 1063 758 parem
1075 695 1178 754 indolem,

181 795 210 837 ut
224 795 313 836 eoetern
327 785 402 850 poris,
419 797 529 833 consone
541 781 700 846 crepitaculo,
717 788 816 832 aetatem
829 781 1001 841 consimilem,
1018 790 1068 832 cet.
1104 782 1176 834 Etiam

183 875 325 934 Vonckiue‚
340 874 359 924 l.
373 890 403 934 c.,
419 872 553 938 legendum
565 880 653 922 censet
663 873 717 937 quie
728 879 814 922 menter
822 872 1085 937 μήπω-ΨΜ.

232 1050 319 1104 Vm.
331 1047 565 1115 eo-orepuacen
577 1064 625 1113 pro
640 1047 815 1099 tintinnabulis
830 1048 927 1112 posuit,
952 1063 1009 1112 quae
1024 1055 1110 1113 aptare
1123 1047 1178 1098 eollo

181 1154 299 1204 pecorum
315 1137 430 1188 solebant
445 1144 567 1200 pastores,
583 1152 635 1186 non
651 1137 741 1195 solum,
760 1135 828 1199 quod
843 1151 932 1185 eorum
949 1151 1015 1186 sono
1029 1151 1119 1200 peoora
1131 1134 1178 1184 dud

181 1228 322 1286 eredebant,
344 1226 492 1284 sedetiam,
517 1240 568 1290 quo
587 1224 694 1284 facilius,
716 1240 767 1288 quo
782 1225 840 1274 loeo
859 1224 1017 1284 oberrarent,
1040 1223 1179 1288 deprehendi

181 1323 275 1381 posset.
313 1315 348 1368 V.
367 1313 440 1363 Hier.
456 1312 559 1377 Magius
574 1312 605 1363 de
620 1312 676 1363 tint
696 1327 749 1376 esp.
763 1311 789 1361 8.
813 1311 939 1360 Paulinus
959 1311 1048 1362 Natali
1066 1312 1110 1364 VI
1127 1311 1177 1360 Pel:

186 1405 222 1456 Ut
227 1405 348 1471 presepia
357 1402 419 1453 rien
428 1401 505 1452 Nudo
516 1401 592 1460 dom
609 1409 633 1451 et
642 1399 717 1451 nudos
725 1399 783 1450 dare
794 1398 955 1449 dntinnobela
962 1399 1061 1466 predere,
1079 1399 1181 1450 Excusso

180 1501 208 1542 ut
220 1494 309 1543 nervice
322 1491 390 1541 boum
403 1492 521 1557 crepitare
533 1489 645 1540 solebant.
680 1487 767 1539 Sidon.
784 1487 875 1552 Apoll.
891 1488 937 1538 lib.
958 1503 990 1548 11,
1014 1505 1055 1553 ep.
1070 1490 1098 1539 2:
1122 1489 1181 1539 Inter

178 1598 261 1648 greges
275 1580 428 1631 tinniddnwe
439 1597 487 1646 per
498 1579 599 1646 dqrnste
612 1578 695 1629 buceta
707 1578 835 1628 reboantes.
874 1577 965 1628 Etiam
981 1578 1010 1627 in
1024 1579 1085 1642 equi
1099 1577 1181 1643 jugulis

180 1672 247 1722 eollo
255 1669 423 1722 tindnnebule
429 1668 546 1720 visuntur
555 1666 582 1718 in
590 1675 754 1718 monumento
765 1665 921 1720 Columbarii
931 1666 1025 1728 Liviae,
1039 1667 1090 1718 tab.
1104 1666 1183 1717 XL-

184 1760 295 1812 wreus.

229 1936 315 1990 Vnus.
329 1934 522 1999 87.—Soetoqne
532 1933 662 2000 eomlon]
685 1931 806 1982 Phednn
817 1930 868 1982 tab.
880 1931 922 1981 52
952 1930 1016 1981 Non
1027 1932 1184 1984 metes

179 2041 273 2091 coepte,
290 2032 313 2074 et
318 2041 369 2089 por
379 2030 415 2073 eet
425 2021 576 2073 tolon-W.

230 2175 316 2229 Vens.
330 2172 565 2226 Sssa-Manenetndo
581 2172 683 2239 eodm]
703 2171 822 2236 Oppiano
832 2171 857 2220 2
880 2169 1006 2235 Cyneget
1021 2185 1047 2220 v.
1058 2173 1099 2222 88
1120 2171 1183 2232 ἤπια

179 2263 205 2313 δὲ
223 2263 368 2329 φρονέουσι,
391 2264 434 2312 rai
454 2260 564 2323 ἠὸαλέοι
581 2261 728 2327 μερόπεσσι.
772 2259 875 2309 Lucret.
897 2258 944 2309 lib.
964 2259 989 2308 3.
1018 2274 1043 2308 v.
1062 2259 1120 2308 303.
1150 2256 1183 2306 At

178 2359 265 2401 nature
276 2350 344 2401 bourn
350 2349 447 2417 placido
457 2350 534 2415 magis
544 2351 599 2399 ue‘re
610 2349 681 2408 oier't,·
709 2347 763 2398 Nec
770 2349 841 2398 nimis
848 2349 898 2398 irai
904 2349 960 2414 fae
969 2364 1082 2413 umquam
1091 2346 1183 2397 addita

175 2439 253 2502 percit
267 2438 378 2498 diemidn,
394 2437 533 2509 suffiendene
546 2453 614 2487 eoeeoe
629 2435 739 2502 coliginis
752 2435 855 2486 umbras.
893 2435 939 2484 An
955 2443 1102 2486 mansuetos
1117 2433 1181 2492 dicit,

178 2544 237 2591 quoe
244 2528 319 2592 juvat
330 2543 387 2575 usus
399 2527 491 2576 aratri?
528 2525 673 2575 Detrtetant
685 2527 766 2591 pressi
775 2541 830 2575 nam
838 2526 903 2590 juge
911 2526 993 2590 prima
1004 2525 1084 2576 boves.
1105 2524 1177 2576 Ovid.

178 2629 196 2663 ι.
214 2629 291 2664 emor.
305 2615 329 2663 2
351 2614 442 2664 Weitz.
458 2613 599 2676 Patientie;
622 2614 715 2678 deque
729 2613 804 2664 Ovid.
821 2613 867 2663 Tr.
879 2616 903 2664 5.
917 2616 941 2664 4.

414 2740 516 2793 strepere
528 2739 631 2782 ruricodee
643 2740 728 2793 gutierre
735 2740 765 2792 stt
778 2744 856 2782 tennes
866 2739 947 2782 aratri.

178 2864 250 2926 Num,
268 2864 336 2929 quod
347 2865 463 2930 Propert.
476 2865 520 2915 lib.
534 2867 558 2915 2
577 2865 640 2929 eleg.
652 2866 677 2916 3.
696 2873 804 2916 testetur

423 3015 499 3027 -
513 2996 593 3038 Primd
604 2999 682 3038 taem
695 2995 802 3037 detrectat
814 2999 905 3037 aratra:

374 3095 378 3102 ·
424 3068 483 3110 Post
495 3071 553 3111 venit
566 3074 651 3112 arneto
663 3071 735 3112 moltis
748 3070 777 3111 nd
791 3081 848 3112 eron
855 3070 917 3122 jergo.

179 3190 290 3257 Indeque
304 3192 346 3243 hio
359 3209 423 3244 vers,
440 3195 480 3244 46.
508 3194 598 3244 AEetae
613 3212 680 3259 quem
695 3195 817 3246 domitum
833 3195 926 3245 videret
940 3193 1092 3244 altere-S.
1129 3193 1180 3242 Per

175 3281 391 3330 mansuetudinem
409 3281 529 3345 intelligit
547 3281 694 3346 patientiam
713 3281 768 3347 jugi
786 3290 813 3333 et
828 3281 929 3333 laboris.
966 3281 1083 3345 Propert.
1103 3296 1132 3340 11,
1154 3281 1179 3339 3,

175 3368 219 3418 472
253 3367 338 3418 Primo
355 3377 440 3419 taurus
455 3369 569 3422 detrectat
587 3378 680 3431 αναίνα,
704 3370 768 3421 Post
784 3372 848 3421 verrit
864 3376 958 3420 desudo
975 3368 1051 3419 mellis
1068 3368 1104 3418 ed
1119 3383 1180 3418 area

166 3455 384 3520 jugo-Wenns.

225 3631 309 3685 Vnus.
323 3631 480 3683 39w-Medr'o
494 3636 602 3701 aggere]
625 3634 713 3699 Agger
727 3650 773 3700 pro
790 3633 874 3684 sulco:
899 3633 936 3684 ite
948 3641 979 3683 ut
991 3632 1149 3699 ὲπεξήγησις
1165 3631 1181 3680 d

174 3737 243 3786 seqq.
263 3721 297 3772 sit
309 3722 424 3787 petendo
441 3722 499 3773 vide
515 3722 561 3772 inf.
579 3723 610 3772 ad
626 3739 649 3774 v.
663 3724 783 3776 47.-w.
820 3723 967 3788 Legendnm
982 3721 1089 3783 videtur,
1107 3722 1180 3772 robur

172 3813 232 3862 idem
240 3814 302 3879 snit.
338 3813 396 3863 Heu
405 3814 505 3878 satum!
546 3812 675 3866 HEVM.
714 3813 842 3877 Aggerem
860 3813 908 3862 hoe
925 3813 983 3862 loco
999 3827 1051 3861 non
1070 3811 1178 3870 sulcum,

172 3900 216 3949 sed
224 3901 289 3949 viam
301 3908 403 3950 stratam
416 3910 442 3951 et
452 3900 578 3964 publicam
590 3908 684 3960 notare,
702 3902 817 3951 observat
829 3900 1024 3963 Gennegieterus
1036 3899 1068 3947 ed
1081 3898 1176 3949 Avian.

172 3987 222 4037 feb.
239 3991 276 4038 17.
295 4006 319 4050 p.
337 3991 390 4040 117.
411 3999 437 4040 et
450 3998 525 4039 recte.
563 3990 622 4039 Non
640 3989 706 4038 enim
724 3998 806 4040 aratro
821 3990 865 4038 sed
882 3989 994 4052 plaustro
1008 3986 1093 4052 juncti
1108 3994 1179 4036 erent

170 4075 198 4124 hi
215 4076 301 4135 boves,
318 4079 511 4129 commorientes
529 4079 556 4127 in
573 4079 613 4129 vin
630 4077 737 4141 publica.
761 4079 827 4127 conf.
846 4078 917 4129 Gret.
935 4093 959 4126 v.
976 4078 1015 4126 63.
1054 4074 1133 4123 Plura
1148 4074 1179 4124 de

172 4165 221 4216 hoe
240 4168 334 4231 aggeris
351 4167 493 4231 significatu
511 4168 580 4218 debit
592 4168 684 4218 Severo
695 4167 727 4215 od
737 4167 853 4231 Apollin.
865 4167 886 4226 1,
904 4183 944 4230 ep.
958 4168 981 4225 5,
999 4172 1026 4214 et
1035 4163 1087 4222 IV,
1101 4179 1142 4227 ep.
1153 4165 1178 4213 2.

173 4254 284 4305 Castalio
298 4256 329 4305 ad
343 4255 424 4307 Rutil.
440 4256 499 4307 Itin.
519 4256 540 4316 Ι,
557 4257 597 4316 39,
618 4255 769 4308 Gronovius.
789 4254 896 4306 Observ.
915 4257 941 4305 in
959 4252 1047 4303 eccles.
1066 4267 1120 4314 cop.
1139 4252 1178 4310 10,

168 4357 193 4402 p.
210 4343 410 4393 108.-Wnnns.
