2706 5040
170 525 213 589 50

175 705 249 757 Ouid.
262 708 285 757 7.
307 705 414 757 Metam.
427 723 451 756 v.
463 707 519 758 538.

363 836 481 878 Concidere
493 835 574 888 inscii-'c
586 834 672 877 eolides
684 834 780 875 miratur
793 837 873 873 arctor

363 913 425 954 Inter
437 923 490 965 opus
502 915 586 962 tauros,
599 911 707 961 medioque
719 907 844 951 recumbere
856 907 986 950 nucu—w.

176 1033 316 1101 Conjuqern]
337 1034 488 1086 Consortem
498 1033 611 1083 laborum
623 1039 752 1096 nuncupet
765 1030 861 1082 Statius
875 1030 958 1081 Theb.
973 1034 997 1080 9.

346 1160 449 1210 Ducitur,
463 1159 543 1200 amisso
556 1159 627 1211 quotis
640 1162 739 1200 contorte
752 1158 851 1199 taborum

349 1235 439 1277 Deserit
451 1235 558 1287 inceptum
570 1234 641 1274 nuedr’u
653 1233 711 1275 inter
718 1235 803 1285 juqero
814 1232 897 1273 aureum

350 1309 435 1349 Taurus
447 1307 515 1355 inere,
528 1307 623 1358 colloque
630 1308 709 1359 juqum
721 1306 818 1358 deforme
830 1306 922 1347 remisso

342 1382 415 1423 Parte
428 1381 503 1423 trabit.
515 1384 602 1434 purtem
615 1382 734 1422 taertmum
746 1384 854 1422 substentat
866 1379 1016 1421 croton-W.

172 1507 288 1572 Diq'uqo‚
304 1503 427 1569 disjungo,
441 1503 503 1570 jugo
512 1505 623 1555 exsolvo.
660 1503 795 1567 Expressit
806 1501 952 1566 Virgilium,
965 1501 1009 1565 qui
1021 1501 1114 1565 Georg.
1124 1501 1171 1559 III,

171 1596 227 1654 517,
245 1594 376 1643 decadem
392 1609 430 1643 re:
456 1593 482 1643 It
496 1594 572 1642 trustis
587 1601 670 1643 arator
684 1592 823 1642 Merentem
838 1591 967 1656 nbiunqeus
975 1592 1093 1657 fraterna
1107 1598 1174 1640 morte

163 1687 299 1750 juvencum.
338 1682 435 1733 Similia
450 1681 526 1733 Ouid.
540 1681 647 1731 Metam.
664 1679 731 1739 VII,
749 1681 805 1739 538,
823 1686 849 1729 et
864 1679 961 1729 Statius
976 1679 1061 1729 Theb.
1078 1679 1130 1738 IX,
1145 1680 1175 1730 82

172 1791 224 1839 seq.
246 1774 297 1838 qui,
323 1788 397 1838 quem
414 1770 545 1836 conjugem
568 1770 683 1827 Severus,
706 1776 835 1819 consortem
850 1767 956 1817 laborum
974 1767 1051 1818 dicit:
1083 1767 1175 1816 Amisso

171 1861 249 1928 qualis
259 1870 366 1912 consorte
376 1861 482 1911 laborum
490 1859 591 1910 Deserit
601 1861 720 1924 inceptum
727 1858 803 1907 media
814 1859 876 1906 inter
882 1858 972 1921 juqera
984 1855 1075 1906 sulcum
1084 1856 1176 1906 Taurus

171 1952 241 2000 inere.
277 1949 371 1999 Bovem
385 1949 525 2015 disjunctum
536 1946 599 1997 dixit
612 1946 704 1997 Horat.
720 1945 806 2010 Epist.
822 1946 843 2005 Ι,
863 1945 900 2004 14,
918 1944 1112 1996 28.-Wusus.

221 2119 307 2171 Vsus.
324 2117 477 2168 49.-Dicto
494 2117 576 2181 citius]
606 2115 699 2180 virgil.
742 2115 780 2165 Et
797 2115 858 2165 dicto
878 2116 949 2165 citim
971 2115 1063 2165 tumido
1081 2130 1176 2178 oequoro

167 2207 257 2272 pbreat.
280 2206 384 2256 Petron.
402 2206 480 2256 Dicto
491 2207 562 2255 citius
572 2206 639 2254 nerui
647 2212 781 2270 putruerunt
791 2203 977 2269 imperio-W.
1019 2203 1177 2268 Consequitur

170 2294 258 2358 mem]
278 2292 318 2342 Ita
328 2293 395 2356 apud
408 2293 512 2342 Terent.
529 2293 600 2342 And.
613 2295 637 2343 5.
651 2295 675 2343 3.
695 2293 801 2343 nancisci
811 2291 904 2342 malum.
942 2289 981 2341 Et
994 2291 1100 2342 Phorm.
1114 2292 1137 2342 3.
1153 2291 1175 2339 Ι.

172 2381 255 2431 Potire'
264 2378 327 2429 muli.
361 2379 433 2429 Sient
446 2378 548 2429 Lucret.
562 2380 605 2429 lib.
623 2383 647 2430 b

390 2505 421 2546 Et
433 2506 491 2548 noio
504 2508 572 2548 multo
584 2509 668 2550 unimus
681 2511 770 2560 contoqe
778 2508 883 2560 fumqitur
896 2509 950 2560 eJ'us.

175 2628 334 2693 Consequitur
343 2644 421 2679 necem
432 2629 503 2689 dixit,
520 2637 550 2680 ut
560 2629 661 2690 malum,
678 2631 793 2680 morbum
805 2639 894 2681 nactus
906 2630 1104 2681 est-Wuuns.

221 2803 307 2856 Vnus
321 2805 495 2871 50.-Sunus]
516 2804 579 2854 Haec
590 2806 686 2865 vocula,
702 2797 810 2856 edorum
821 2807 912 2870 positu,
928 2807 1044 2856 leeunum
1056 2823 1178 2872 apparen-

175 2900 225 2942 tem
239 2893 339 2957 explet;
359 2894 426 2944 sicut
441 2909 465 2943 v.
480 2896 519 2952 79,
537 2894 725 2944 moriers.-W.
761 2894 792 2943 In
811 2894 943 2944 Pithoeanu
957 2913 1032 2946 sanus
1048 2913 1100 2946 non
1112 2905 1179 2948 extat

170 2979 197 3027 in
208 2988 337 3040 contextu,
353 2981 406 3039 sed,
425 2989 529 3031 vacante
541 2980 597 3046 ejus
609 2982 675 3040 loco,
693 2982 836 3046 appositum
848 2982 925 3033 estin
936 2985 1056 3048 margine,
1073 2985 1142 3036 sicut
1153 3000 1175 3037 v.

171 3069 204 3116 79
214 3068 319 3116 morient.
355 3068 445 3133 Neque
455 3084 515 3119 vero
526 3069 608 3129 video,
625 3069 685 3133 quid
699 3069 766 3119 uliud
778 3072 885 3136 utroque
899 3071 957 3121 loco
968 3072 1077 3123 scribere
1088 3081 1176 3126 auctor

170 3154 437 3216 potuerit-wreus.

222 3328 307 3381 Vnus.
321 3332 491 3396 51.-I.on9is
501 3336 609 3396 quotiens
617 3333 659 3385 ilia
666 3333 788 3401 pulsibus]
809 3334 882 3399 Virg.
893 3336 916 3385 8.
933 3333 1027 3399 Georg.
1039 3351 1104 3386 vers.
1119 3336 1178 3386 505.

372 3459 426 3499 Tum
436 3460 489 3500 cero
502 3460 603 3502 orderttee
615 3462 679 3514 ocuti,
693 3433 756 3515 utque
768 3466 877 3505 attractus
889 3464 916 3504 ab
929 3464 974 3504 atto

370 3529 475 3582 Spiritus,
487 3531 596 3574 interdurn
605 3536 687 3586 qemttu
696 3537 783 3588 qroois.
796 3537 881 3589 imaque
893 3537 955 3589 lonqo

369 3602 415 3644 Ilio
426 3604 522 3657 singultu
532 3607 627 3650 temtum.

172 3726 276 3793 Apulei.
290 3725 335 3777 uu
351 3729 375 3779 4.
405 3727 442 3778 m
456 3727 559 3778 usuum
569 3702 709 3797 smmum
722 3731 764 3782 ura
776 3735 892 3798 quum
909 3733 967 3783 mut
979 3734 1050 3784 urum
1065 3733 1180 3786 emmas

170 3818 359 3869 emissit-W.
396 3818 518 3879 Pultibus,
534 3819 559 3870 h.
571 3821 730 3885 singultibus.
763 3821 890 3886 Apuleius
900 3821 944 3871 lib.
957 3821 1009 3882 IV,
1025 3822 1062 3872 Et
1073 3824 1180 3873 assiduis

169 3907 310 3971 sinqultibus
320 3907 362 3956 ilia
374 3910 482 3971 quatiens
492 3908 549 3957 miti
559 3910 629 3958 etiem
640 3909 750 3959 lacrimas
761 3912 872 3960 transit.
908 3909 1027 3958 Lucanus
1041 3909 1093 3969 IV,
1111 3912 1176 3963 756:

170 3995 274 4044 Pectore
286 4012 360 4045 rauca
373 4005 475 4062 qemuut,
492 4015 545 4061 quoe
556 3997 634 4047 creber
646 3997 763 4047 anhelitus
775 4006 850 4063 mrqet,
867 3997 904 4047 Et
914 3998 1003 4063 defecta
1013 3999 1097 4063 qrauis
1108 3997 1179 4064 lonqe

170 4081 243 4130 trabit
254 4081 295 4130 ilia
303 4081 543 4146 pulsus-Wuuns.

220 4248 304 4314 Vnus
322 4250 519 4315 52.-Deposuit
541 4255 635 4317 eaput]
669 4252 755 4302 Etiam
779 4269 825 4304 nos
849 4253 976 4313 Germani,
1005 4252 1042 4300 Er
1065 4253 1109 4301 hat
1132 4252 1178 4301 das
