2706 5040
480 537 675 602 SANCTO.
1035 542 1074 605 21

78 744 143 785 non
165 721 276 799 edidit,
309 722 462 805 Lugduni
490 722 602 786 Batav.
631 723 725 799 1715,
762 723 793 799 8,
830 725 1083 809 etypographia

72 832 163 896 Petri
194 855 255 896 van
285 833 342 896 der
376 832 439 909 Aa,
479 833 531 896 cui
563 833 685 895 nomini
719 833 868 916 deinceps
901 833 983 898 illita
1017 835 1081 898 fuit

72 944 135 1008 alia
153 943 314 1021 schedula,
344 943 379 1007 in
400 966 464 1028 qua
478 944 668 1028 impressum
683 952 744 1005 est:
777 941 879 1026 Apud
896 942 1080 1007 Samuelem

70 1052 303 1131 Luchtmanns,
326 1052 419 1116 1717.
451 1053 652 1116 Recensetur
663 1053 698 1115 in
710 1053 789 1116 actis
801 1051 903 1116 Erud.
919 1052 961 1116 A.
979 1052 1075 1132 1716,

69 1183 144 1247 pag.
161 1162 205 1225 80
219 1184 285 1246 seq.
331 1161 352 1224 J
353 1185 399 1226 ac.
418 1162 600 1227 Gronovius
612 1174 724 1226 auctor
737 1161 937 1246 praefationis
951 1162 1079 1226 videtur

70 1268 156 1334 Ven.
180 1269 331 1348 Ernesto,
362 1271 448 1335 Bibl.
477 1271 533 1335 lat.
559 1271 683 1335 Fabric.
716 1270 818 1334 Tomo
843 1270 910 1349 III,
942 1293 974 1355 p.
1000 1271 1076 1335 258.

71 1377 172 1443 Haud
194 1379 297 1444 multo
320 1392 393 1465 post
418 1380 462 1444 G.
487 1380 675 1458 Outhosius,
700 1380 838 1444 Embdae
859 1381 900 1444 ad
921 1380 1081 1445 Amisiam

70 1487 277 1566 ecclesiastes,
301 1490 388 1554 edito
409 1490 529 1567 libello,
559 1490 611 1553 cui
634 1490 763 1554 titulus:
799 1490 930 1553 Iudicia
954 1490 1080 1553 Jetovae

69 1596 221 1676 zebaoth,
244 1620 300 1662 ceu
312 1599 426 1662 bellam
438 1600 590 1676 divinam,
609 1621 669 1683 qao
679 1601 766 1683 petit
777 1601 868 1663 Deus
877 1609 1078 1684 peccatores,

70 1707 221 1792 adjunxit
244 1730 372 1772 carmen
398 1709 508 1772 Severi
533 1709 655 1784 Sancti,
684 1709 719 1770 id
743 1719 792 1771 est
815 1708 1014 1785 Endeleichi,
1038 1709 1078 1772 de

68 1819 228 1882 mortibus
243 1819 353 1894 boum,
377 1818 472 1902 eique
486 1827 605 1902 praeter
620 1819 752 1881 selectas
765 1818 902 1881 Weitzii
918 1829 951 1881 et
966 1819 1080 1882 Seberi

68 1929 295 1993 annotationes
318 1927 471 1991 nonnulla
492 1951 511 1990 a
538 1940 640 1992 semet
664 1930 733 2014 ipso
760 1930 926 1994 observata
949 1930 1077 2014 adjecit,

70 2037 261 2123 Groningae,
288 2037 381 2116 1721,
405 2039 436 2102 8.
461 2038 663 2104 Recensetur
677 2039 729 2103 hic
743 2041 826 2104 liber
837 2041 872 2103 in
884 2041 962 2104 actis
974 2039 1077 2104 Erud.

71 2146 238 2233 Supplem.
264 2147 356 2211 Tom.
373 2147 475 2225 VIII,
498 2170 571 2233 pag.
594 2149 669 2212 214.
715 2149 834 2213 Breves
855 2149 1079 2233 castigationes

71 2256 103 2320 ei
117 2256 293 2320 recensioni
303 2278 377 2340 pag.
395 2256 460 2319 218
481 2257 618 2342 subjecit
634 2257 670 2321 C.
689 2258 731 2321 A.
750 2258 974 2335 Heumannus,
998 2280 1078 2341 quas

72 2375 240 2451 excerptas
260 2366 339 2429 meis
360 2366 619 2431 annotationibus
636 2367 752 2431 addere
772 2367 904 2452 placuit.
950 2367 1077 2431 Recen-

71 2477 193 2542 tissime
213 2475 323 2553 edidit,
347 2484 381 2539 et
401 2499 516 2541 novam
536 2476 760 2560 praefationem
779 2478 823 2541 ¹de
847 2488 987 2554 auctore,
1012 2478 1078 2541 edi-

71 2586 214 2649 tionibus
226 2595 260 2648 et
271 2595 459 2667 argumento
470 2586 568 2670 hujus
576 2587 724 2650 carminis
735 2587 892 2671 praemisit
906 2585 956 2648 Μ.
971 2585 1078 2648 David

72 2694 219 2771 Richter,
255 2693 438 2778 Harnburgi
465 2694 558 2772 1747,
590 2694 621 2758 4.
680 2695 831 2778 Denique
859 2694 920 2758 hoc
950 2716 1077 2758 carmen

72 2803 189 2867 Editor
199 2801 402 2867 Collectionis
412 2803 555 2866 omnium
565 2802 755 2866 Poematum
764 2801 955 2865 Latinorum
965 2801 1079 2865 Pisau-

72 2912 173 2976 rensis
185 2912 352 2997 proposuit
368 2911 469 2976 Tomo
483 2909 528 2989 V,
552 2912 609 2996 qui
623 2933 706 2975 anno
724 2912 808 2975 1766
822 2910 952 2994 prodiit.
