2706 5040
170 511 191 570 2
567 504 784 569 LECTORI.

171 691 291 754 intueri
313 691 402 754 velut
424 690 588 774 imagines
611 700 650 753 ut
673 712 717 752 ex
742 688 853 752 alienis
875 688 968 752 factis
992 689 1120 752 moneri
1145 712 1179 752 ac
1251 724 1253 728 ν

173 799 289 862 ducere
311 800 407 864 officii
424 801 473 863 tui
493 800 628 863 formam
647 821 770 883 posses;
800 798 960 881 sciresque
981 799 1070 861 inea
1087 807 1180 882 parte

172 930 237 971 non
262 919 295 971 te
317 909 468 993 primum,
491 931 557 972 non
574 892 610 971 'te
632 908 735 971 solum
753 929 832 983 esse,
855 906 908 970 cui
922 907 1057 989 ingrata,
1081 907 1182 968 immo

173 1028 207 1082 et
222 1042 327 1083 amara
342 1019 576 1103 superveniant,
596 1017 686 1101 queis
703 1017 819 1080 fortem
833 1016 975 1079 animum
989 1038 1179 1100 opponeres.

240 1129 330 1193 Inter
342 1129 404 1193 alia
416 1130 492 1192 satis
503 1128 606 1191 multa
617 1127 721 1189 tristia
732 1125 929 1209 aliquamdiu
942 1147 1000 1209 per
1013 1125 1180 1209 Europam

176 1240 358 1303 dominatur
378 1240 545 1324 pernicies,
568 1248 671 1301 utres
686 1237 789 1312 docet,
811 1236 960 1319 proxima
974 1235 1180 1318 contagiosae,

176 1373 250 1434 quae
273 1373 331 1434 per
355 1359 498 1412 armenta
518 1370 647 1431 serpens
665 1357 699 1409 et
713 1356 783 1409 tum
798 1346 933 1423 stabula,
956 1355 1027 1409 tum
1050 1369 1180 1430 pascua,

174 1483 233 1545 per
249 1469 394 1522 aestatem
414 1460 513 1543 juxta
528 1468 561 1520 et
574 1458 724 1534 hiemem,
747 1459 788 1520 ad
802 1458 1007 1522 solitudinem
1020 1458 1181 1541 redigens,

176 1570 337 1634 subtrahit
359 1570 435 1632 huic
460 1569 577 1632 saeeulo
602 1568 671 1631 illas
692 1569 776 1652 ipsas
800 1592 858 1653 per
875 1568 937 1642 alia
957 1569 1077 1632 saecula
1099 1570 1182 1632 solas

177 1680 302 1743 divitias
314 1679 450 1743 habitas.
485 1679 625 1742 Dubites
637 1701 678 1740 an
691 1678 864 1760 castigetur
874 1688 999 1741 mutata
1010 1679 1182 1754 sententia,

177 1814 242 1875 qua
262 1813 376 1854 aurum
393 1800 426 1853 et
447 1799 615 1874 argentum
636 1788 671 1851 in
697 1810 807 1850 eorum
821 1787 922 1851 vicem
947 1787 1092 1872 subjecta
1106 1796 1183 1850 sunt

177 1926 214 1966 ac
236 1903 445 1966 foedissimam
467 1900 516 1963 his
542 1897 738 1983 temporibus
763 1897 850 1960 sitim
876 1897 926 1959 sui
952 1897 1182 1974 attribuerunt,

177 2035 292 2076 aurum
313 2010 506 2096 spirantibus
527 2032 563 2072 ac
587 2009 794 2092 loquentibus
814 2007 954 2084 urbanis,
976 2008 1129 2091 pecuaria
1148 2029 1183 2069 re

176 2121 303 2184 rusticis
330 2129 387 2182 aut
414 2118 514 2180 laneis
540 2118 706 2180 attributa.
764 2115 860 2180 Certe
887 2117 922 2179 in
949 2116 999 2179 his
1025 2117 1120 2178 terris
1150 2115 1186 2179 id

177 2227 373 2310 experimur,
397 2235 436 2289 ut
458 2226 555 2289 modo
578 2225 669 2309 quasi
695 2226 730 2288 in
752 2225 865 2309 lupina
889 2225 977 2288 rabie
1001 2224 1185 2288 universam

176 2334 376 2419 pascentium
400 2333 563 2397 cohortem
584 2335 674 2397 brevi
698 2334 802 2418 spatio
822 2334 994 2410 trucidans,
1017 2355 1104 2397 nunc
1125 2356 1187 2418 per

177 2465 353 2527 paucorum
369 2443 513 2526 rapinam
533 2442 676 2505 delibans
694 2452 728 2505 et
741 2443 826 2506 intra
840 2443 995 2524 exiguum
1011 2464 1186 2506 numerum

178 2574 325 2615 coercens
339 2551 452 2614 veneni
467 2551 517 2614 sui
533 2552 640 2614 tabem
654 2552 805 2630 discedat,
829 2553 876 2616 ita
888 2562 928 2616 ut
948 2554 988 2616 ab
1009 2552 1188 2616 tribulibus

179 2670 213 2723 et
232 2660 379 2744 proxime
396 2659 507 2724 vicinis
529 2682 658 2745 quoque
680 2660 848 2724 abstineat.
896 2660 961 2724 Sed
983 2661 1073 2744 quasi
1093 2662 1188 2725 volu·

178 2770 256 2834 isset
281 2781 455 2835 monstrare
481 2781 607 2835 tantum
634 2793 667 2833 se
687 2771 832 2853 grassari,
856 2793 921 2834 non
945 2771 1079 2834 discedit
1099 2773 1187 2836 bona

178 2880 252 2958 fide,
275 2903 334 2944 nec
354 2882 389 2945 in
412 2892 616 2965 perpetuum.
663 2879 766 2942 Immo
783 2879 873 2962 quasi
888 2880 995 2943 omnia
1009 2880 1136 2963 integra
1151 2891 1188 2946 et

177 2989 279 3053 libera
303 2991 393 3054 velut
418 2991 459 3054 ad
486 2991 645 3074 quoddam
671 2988 838 3051 arbitrium
865 2989 1097 3066 reservavisset,
1128 2991 1189 3054 ubi

180 3097 286 3176 libuit,
309 3110 428 3184 praeter
449 3108 672 3184 exspectatum
697 3119 807 3161 rursus
831 3097 1018 3160 incumbens
1042 3108 1076 3160 et
1101 3108 1189 3162 atro-

181 3207 304 3272 cissime
319 3210 462 3286 saeviens,
482 3210 614 3272 eandem
629 3208 772 3291 reliquis,
792 3231 866 3292 quae
880 3229 984 3291 nuper
998 3207 1186 3291 reliquerat,

111 3397 114 3402 ἱ
180 3326 316 3379 mortem
329 3317 437 3392 infert,
459 3316 503 3378 sic
518 3317 621 3380 deriso
635 3316 775 3394 mimico,
795 3318 883 3400 quod
895 3316 1064 3380 videbatur
1078 3317 1188 3382 indul-

181 3426 268 3501 sisse,
299 3424 513 3487 emolumento
543 3426 673 3504 domini,
710 3427 808 3490 etiarn
841 3450 932 3491 carne
961 3427 1122 3491 maculosa
1153 3440 1188 3494 et

180 3533 306 3597 letifero
332 3555 413 3616 pure
440 3533 567 3598 infecta.
625 3536 678 3600 Ita
706 3538 835 3621 quidem
861 3562 919 3623 per
944 3538 1025 3600 hanc
1054 3543 1190 3614 βουνόμην

183 3654 216 3706 et
233 3643 311 3706 adeo
332 3643 459 3706 mollem
483 3643 662 3727 planiciem,
685 3670 744 3731 per
760 3648 830 3711 haec
850 3648 964 3713 litorea
979 3671 1098 3732 pascua
1111 3648 1188 3713 bac-

182 3754 269 3818 chari
285 3755 319 3818 in
341 3755 578 3819 damnosissima
594 3767 698 3839 strage
714 3759 824 3842 coepit,
848 3780 911 3822 non
932 3758 1027 3821 simul
1039 3757 1190 3821 universa

182 3867 216 3928 in
242 3867 353 3930 eodem
378 3867 504 3930 climate
531 3867 715 3950 corripiens,
744 3868 799 3930 sed
825 3868 859 3931 in
885 3878 1006 3930 tractus
1033 3867 1189 3950 quosdam

182 3974 271 4037 velut
295 3975 467 4038 destinatos
495 3975 571 4038 huic
596 3975 663 4039 fato
690 3986 724 4039 et
749 3977 834 4039 casui
859 4000 892 4039 se
917 3977 1088 4040 demittens
1114 3999 1188 4039 cum

182 4085 323 4169 plurium
344 4086 467 4166 gemitu
488 4096 521 4148 et
538 4086 656 4165 dolore,
680 4097 718 4152 ut
740 4098 847 4151 tamen
871 4087 985 4151 deinde
1006 4109 1064 4172 per
1082 4087 1190 4150 omnia

183 4218 215 4257 se
232 4195 425 4284 exporrigat.
