2706 5040
177 465 216 528 10
562 460 779 526 LECTORI.
793 509 797 516 .

172 648 255 712 “De
277 646 374 711 Poesi
394 668 452 710 seu
467 646 622 711 Dramate
637 647 796 711 Bucolicis
810 647 882 711 vide
904 647 1023 733 Scalig.
1044 652 1068 715 3
1086 651 1184 716 Poet.

171 781 198 823 c.
214 758 267 821 99.
292 756 401 820 Jacob.
420 755 557 820 Pontan.
573 757 630 821 lib.
643 759 675 821 2.
694 757 786 821 Poet.
804 755 913 822 Instit.
930 781 958 822 c.
974 761 1030 824 23.
1050 760 1186 826 Poetica

171 867 299 932 Gissen.
324 867 380 930 lib.
406 869 437 930 2.
467 889 494 930 c.
524 866 595 930 10.”
640 866 736 930 Certe
761 889 888 931 carmen
912 878 961 932 est
983 869 1183 950 bucolicum,

171 977 247 1063 quia
276 985 352 1040 sunt
381 975 510 1039 nomina
539 975 579 1038 ab
610 976 792 1059 pastoribus
827 987 884 1041 aut
917 979 1070 1042 bubulcis
1107 982 1182 1044 olim

170 1099 324 1173 usurpata
350 1088 437 1172 apud
460 1086 577 1150 Poetas
602 1087 670 1171 ejus
698 1087 859 1165 carminis3
888 1089 944 1151 sed
966 1088 1027 1152 hoc
1053 1113 1182 1155 carmen

169 1221 235 1262 non
249 1198 392 1262 ascendit
407 1198 448 1261 ad
461 1198 556 1261 istam
571 1196 782 1274 dulcedinem,
806 1208 844 1261 ut
861 1199 920 1262 sub
935 1199 1052 1264 humili
1073 1225 1181 1267 rerum

170 1310 344 1392 agrestium
373 1308 564 1373 tractatione
598 1306 797 1390 intelligatur
828 1308 1021 1374 abscondere
1057 1312 1182 1396 aliquid

170 1417 349 1493 mirificum,
374 1416 462 1501 quod
478 1416 529 1480 vel
552 1417 587 1480 in
603 1415 731 1500 palatiis
745 1416 795 1479 vel
815 1417 850 1479 in
864 1418 944 1480 urbe
958 1418 1044 1482 inter
1058 1421 1180 1485 vicinos

170 1536 228 1589 aut
250 1527 367 1590 amicos
392 1525 517 1603 accidit,
541 1525 667 1609 dequo
689 1525 835 1589 bucolico
856 1527 994 1590 carmine
1015 1529 1126 1611 agitur
1144 1531 1179 1594 in

170 1634 315 1718 allegatis
326 1635 372 1698 ibi
384 1634 471 1711 locis,
496 1635 586 1719 cujus
599 1635 772 1718 specimina
783 1635 932 1719 primaria
943 1638 1031 1720 apud
1042 1637 1179 1703 Latinos

171 1755 248 1809 sunt
272 1744 403 1828 Eclogae
424 1743 564 1827 Virgilii,
588 1754 621 1807 et
644 1754 756 1828 postea
781 1744 820 1808 T.
847 1745 1037 1830 Calphurnii
1062 1748 1177 1828 Siculi,

171 1857 262 1943 cujus
277 1856 422 1921 similiter
441 1856 617 1920 Bucolicoo
633 1878 759 1918 carmen
774 1856 918 1919 inscribit
931 1858 1009 1941 ipsis
1030 1863 1179 1925 carmini

169 1966 231 2031 bus
245 1989 319 2051 pag.
334 1968 410 2044 323,
433 1966 490 2030 sed
509 1966 672 2028 Bucolicae
694 1966 827 2051 Ectoqce
840 1966 923 2031 VII.
939 1968 974 2030 in
989 1970 1105 2034 eodem
1123 1972 1178 2037 illo

170 2075 274 2139 indice
304 2075 448 2157 agnoscit
477 2084 510 2137 et
539 2074 680 2158 appellat
709 2073 869 2139 Pithoeus.
924 2076 1019 2141 Mera
1043 2079 1098 2142 bic
1129 2093 1179 2146 est

171 2184 348 2269 deploratio
365 2187 445 2269 ejus,
473 2185 560 2267 quod
582 2185 617 2247 in
635 2185 719 2268 agris
740 2207 783 2247 ex
803 2208 877 2249 vero
897 2187 1085 2270 contigerat,
1110 2212 1177 2258 non

171 2302 229 2358 aut
243 2292 331 2356 dolor
346 2302 403 2356 aut
422 2292 569 2376 voluptas
590 2316 633 2356 ex
649 2295 780 2358 urbanis
799 2295 895 2359 rebus
911 2296 1053 2374 collecta,
1078 2321 1177 2382 quam

172 2401 352 2467 obscuriore
367 2411 401 2465 et
415 2401 564 2483 ambiguo
579 2404 717 2466 carmine
730 2404 876 2469 bucolico
890 2405 1042 2490 insignire
1058 2410 1177 2473 consti-

171 2510 246 2575 tuit.
292 2508 407 2594 Itaque
430 2518 540 2572 notam
561 2509 645 2573 hanc
669 2511 806 2576 Wcitzii
828 2514 978 2578 hocloco
1000 2517 1104 2599 posui,
1138 2527 1176 2582 ut

172 2621 355 2686 eraderetur
367 2642 410 2682 ex
421 2618 530 2683 ordine
541 2628 701 2698 notarum,
725 2623 842 2705 quibus
856 2647 914 2708 per
926 2647 1066 2689 errorem
1076 2626 1177 2690 inter-

170 2731 361 2818 ponebatur,
400 2754 499 2816 quum
527 2754 586 2795 nec
615 2731 831 2798 Endeleichus
860 2733 907 2798 ita
933 2737 1103 2815 vocaverit,
1142 2747 1175 2801 et

173 2843 322 2908 Pithoeus
337 2853 456 2908 temere
472 2844 583 2926 egerit.

238 2953 400 3017 Caeterum
424 2975 490 3015 non
515 2952 567 3015 bic
592 2973 708 3035 scopus
734 2960 784 3015 est
806 2974 897 3016 novae
921 2953 1081 3033 editionis,
1109 2980 1175 3021 non

171 3085 274 3128 causa.
321 3064 446 3129 Auctor
458 3063 689 3147 qualiscunque
704 3062 756 3139 sit,
780 3072 814 3126 et
826 3085 1017 3149 quocunque
1029 3076 1176 3151 tempore

171 3173 302 3250 vixerit3
327 3173 464 3237 editores
477 3173 574 3236 etiam
585 3194 644 3256 pro
657 3171 764 3236 lubitu
776 3194 834 3236 suo
846 3171 880 3234 in
894 3195 931 3236 eo
943 3174 1174 3241 consuluerint.

172 3280 249 3345 Alia
274 3291 437 3364 spectatur
463 3292 497 3345 et
523 3283 732 3367 opportunior
759 3283 965 3347 commoditas
991 3285 1174 3370 majorque3

169 3412 286 3472 nempe
309 3399 348 3453 ut
374 3401 421 3466 tu,
452 3388 581 3467 Lector,
612 3391 724 3469 discas,
756 3393 844 3475 quod
865 3415 937 3457 vere
960 3394 995 3456 in
1020 3415 1089 3457 rem
1112 3406 1174 3473 est,

169 3497 378 3584 perpendere,
402 3507 435 3561 et
458 3507 530 3562 tum
547 3498 582 3562 in
602 3499 662 3564 hac
684 3523 837 3580 aerumna,
860 3515 930 3568 turn
950 3505 985 3567 in
1004 3504 1084 3582 aliis,
1107 3528 1174 3571 non

172 3630 295 3673 cassum
324 3607 446 3693 aliquid
474 3616 589 3687 tentes,
628 3610 684 3672 sed
713 3634 879 3695 personam
906 3613 966 3677 tibi
991 3613 1189 3698 impositam.

170 3720 330 3804 sapienter
345 3741 429 3802 agas.
476 3717 547 3784 Illic
562 3720 669 3784 subito
684 3721 843 3785 desolatus
860 3732 952 3806 parte
967 3723 1053 3787 bona
1072 3727 1173 3808 patri-

170 3830 279 3907 monii,
301 3831 398 3893 immo
410 3830 515 3895 forsan
528 3831 631 3915 capite
645 3832 723 3916 ejus,
746 3833 855 3916 potuit
863 3833 912 3898 vel
923 3844 996 3918 post
1009 3836 1174 3901 exantlata

170 3938 240 4002 haec
262 3938 368 4002 damni
389 3940 439 4003 sui
457 3941 595 4004 carmina
608 3941 658 4004 vel
679 3942 775 4005 etiam
796 3954 870 4006 ante
891 3954 1003 4008 nactus
1022 3944 1174 4028 Tityrum

170 4045 360 4111 monitorem
374 4047 471 4111 vitam
485 4049 606 4133 pietate
621 4061 756 4127 mutare,
780 4062 814 4115 et
830 4052 887 4135 qui
901 4053 1035 4117 antehac
1051 4077 1122 4118 erro
1136 4078 1173 4118 ac

171 4159 218 4222 rei
234 4157 347 4224 divinae
366 4157 532 4242 imperitus
550 4163 700 4245 pecunias
719 4164 921 4247 cogitaverat,
946 4165 1008 4228 illis
1023 4165 1173 4230 imminu-
