2706 5040
623 554 735 598 uuum.
1140 535 1178 597 51

180 712 270 778 Haupt
285 715 377 778 gelegt,
397 731 453 764 eum
468 716 525 779 quis
540 723 635 766 uaturae
649 715 770 779 persolvit
786 715 906 774 debitum,
927 722 953 764 et
971 714 1018 764 ivit
1032 713 1103 773 Illuc,
1123 716 1184 765 unde

174 810 263 866 nepant
278 803 355 852 redire
373 820 519 868 quemqnam.
559 803 634 855 ovid.
649 806 673 853 6.
696 804 767 854 Fast.
781 820 805 853 v.
820 804 874 854 754.
894 803 925 853 de
940 803 1090 868 Hippolyto,
1108 820 1182 868 quem

178 889 342 955 AEsoulapius
357 892 383 941 in
398 893 474 942 vitam
489 900 602 942 revocat:
627 891 773 958 Depositum
788 892 852 941 tami
866 891 962 942 sustulit
975 891 1012 942 ille
1024 891 1181 957 caput-W.

226 1067 311 1120 Vsus.
326 1067 507 1120 54.-Damnie
519 1069 608 1133 quippe
619 1068 666 1117 tuis
677 1084 724 1118 non
734 1083 800 1117 secus
811 1084 841 1117 ac
851 1068 930 1132 meis]
953 1067 1026 1126 Quia,
1043 1066 1182 1116 Prudentia

175 1164 290 1214 canente,

474 1238 549 1250 —
564 1219 611 1259 lex
625 1219 699 1259 omem
711 1222 780 1259 monet
793 1229 864 1260 omnes

481 1292 588 1333 Genuam
601 1293 656 1333 dara
668 1296 728 1333 eorm
740 1291 778 1332 rut
791 1303 842 1333 una.

176 1421 292 1473 cathem.
310 1422 348 1471 10.
388 1419 432 1479 Et,
454 1419 539 1472 Orciais
552 1428 632 1486 potest
646 1421 759 1480 amidere,
779 1422 844 1487 quod
857 1424 966 1487 cuiquam
981 1429 1067 1488 potest.
1105 1423 1181 1484 Quod

174 1524 225 1558 nou
242 1508 358 1571 ignorans
375 1507 474 1560 Callian
492 1508 558 1572 apud
580 1508 795 1572 Euphormiouem
816 1509 967 1558 Lusininum
986 1510 1012 1559 iu
1031 1509 1105 1560 Satir.
1123 1527 1179 1574 pag.

173 1596 214 1646 42.
233 1595 319 1646 literas
333 1595 364 1645 ad
379 1594 516 1644 Fibullium
532 1595 648 1655 amicum,
669 1611 700 1644 ex
712 1595 809 1646 calculo
822 1613 923 1661 aegrum,
943 1597 969 1645 iu
985 1597 1039 1647 haec
1055 1597 1181 1661 conscrip-

176 1683 211 1734 sit
221 1683 308 1733 verba:
333 1683 407 1743 Quod
416 1684 544 1734 amantium
555 1685 656 1749 spiritus
664 1683 740 1734 aliem
749 1701 790 1734 ore
800 1685 935 1744 trahantur,
950 1701 996 1734 non
1008 1685 1090 1734 alienis
1098 1685 1180 1750 potius

172 1770 285 1836 exemplis
296 1771 377 1830 didici,
395 1772 465 1836 quim
476 1773 528 1836 ipse
538 1771 667 1837 exemplum
678 1788 728 1821 esse
733 1789 838 1838 possum.
879 1773 999 1833 Quamdiu
1010 1772 1105 1823 valebas
1116 1775 1180 1824 inro-

172 1859 249 1919 lumis,
266 1861 292 1909 in
303 1867 326 1909 te
340 1861 406 1910 viri:
433 1860 525 1924 afflicti
537 1861 579 1910 tuci
590 1860 723 1911 ualetudine
733 1863 760 1910 ec)
771 1863 840 1912 etiam
852 1860 909 1926 plus
920 1860 992 1920 dolui,
1009 1861 1074 1925 quid
1083 1862 1119 1910 tui
1128 1877 1181 1911 eor·

170 1947 240 2011 poris
248 1947 364 2012 oepmtudo
375 1955 470 1996 mentem
479 1964 552 1997 meam
562 1948 694 2008 sauciabat,
708 1957 752 1999 eta.
779 1949 848 2002 Vide
859 1949 966 1998 eundem
977 1964 1032 2012 pag.
1050 1947 1180 1998 ilion-W.

224 2122 308 2175 Vnus.
329 2122 474 2174 58.-Nam
495 2122 597 2174 solamen
619 2126 693 2191 erat]
725 2123 789 2189 Spes
807 2123 912 2174 stimulat
930 2138 1020 2189 semper
1039 2124 1130 2172 animos
1149 2122 1182 2172 ad

163 2211 263 2275 sutma,
291 2215 315 2260 a
339 2211 481 2274 afflictiones
502 2219 631 2276 presentes
654 2213 731 2262 reddit
756 2212 941 2263 tolerabiliores.-
976 2221 1005 2263 ut
1031 2212 1120 2262 scribit
1147 2212 1178 2261 P.

174 2297 314 2347 Matthaeus
325 2297 369 2348 lib.
384 2313 401 2347 1.
415 2314 471 2362 pag.
484 2300 525 2349 57.
556 2299 594 2349 Et
604 2299 669 2350 libro
680 2302 704 2350 2.
721 2315 777 2364 pag.
794 2300 847 2352 184.
880 2300 932 2367 Spe
943 2298 1003 2350 niti!
1016 2307 1051 2349 est
1061 2300 1181 2364 efficacius

173 2384 207 2433 ad
220 2384 373 2450 rumpendam
384 2387 555 2450 impatientiam
566 2389 727 2452 impetuosam,
745 2395 768 2437 et
778 2388 943 2439 sublevandam
954 2388 1071 2438 lominum
1085 2387 1181 2437 laurita

173 2473 337 2523 dinem-W.

224 2624 310 2677 Vsus.
323 2625 435 2676 59.-si
442 2628 529 2691 fetura
538 2626 628 2692 daret]
646 2627 737 2677 Fetura
749 2628 775 2677 iu
786 2642 876 2691 pecore
888 2627 987 2686 dieitur,
1001 2626 1066 2677 utin
1077 2625 1180 2676 muliere

172 2714 343 2777 puerperium.
381 2714 477 2767 Varro:
505 2714 589 2765 Altera
606 2732 667 2780 pars
686 2716 776 2774 estin
786 2714 872 2780 fetari
890 2731 943 2778 qua
961 2716 1009 2764 sint
1025 2714 1181 2773 obseruanda,

171 2801 237 2866 quod
255 2800 304 2851 alia
323 2801 369 2852 alio
386 2811 488 2867 tempore
507 2820 595 2867 parere
613 2803 677 2854 solet.
718 2803 792 2853 Unde
812 2812 838 2853 et
854 2805 925 2868 fetae,
948 2818 1003 2865 quae
1021 2815 1179 2866 pepererunt.

171 2889 298 2938 dicuutur.
332 2888 538 2952 virgil-Lenta
556 2889 620 2940 salin
630 2892 685 2955 feto
699 2892 789 2956 pecori.
828 2890 916 2953 Itaque
931 2896 1014 2938 errant
1028 2889 1137 2947 Servius,
1155 2898 1182 2940 et

172 2976 217 3040 qui
229 2991 286 3025 eum
299 2987 446 3039 sequuntur,
464 2978 507 3042 qui
523 2977 588 3029 fetas
603 2979 716 3042 grauidas
731 2977 865 3042 accipiunt.
904 2977 998 3030 Varro:
1029 2977 1090 3037 Qua
1104 2985 1181 3027 osten-

171 3066 254 3115 derent
268 3073 363 3116 nostras
371 3068 448 3132 setas,
464 3083 517 3131 quae
531 3068 556 3116 in
571 3069 680 3132 canopeis
688 3069 772 3132 jacent
784 3067 835 3116 dies
847 3066 945 3132 aliquot,
961 3083 1011 3116 esse
1024 3066 1145 3131 quaemus
1159 3075 1182 3116 et

170 3156 356 3205 contemnendas.
395 3155 446 3206 Est
463 3164 489 3205 et
500 3157 586 3220 fetura
599 3156 725 3206 interdum
741 3155 810 3205 fetus
823 3156 891 3219 ipse;
915 3163 944 3205 ut
957 3154 1030 3219 virg.
1044 3156 1068 3205 7.
1089 3154 1180 3218 Eolog.

176 3244 208 3295 Si
220 3247 307 3310 fetura
323 3261 417 3310 proaem
433 3244 583 3310 suppleverit.
620 3244 731 3294 Turneb.
751 3253 812 3294 tom.
830 3259 848 3293 1.
870 3259 925 3307 pag.
943 3245 998 3294 387.
1035 3242 1115 3292 Refer
1130 3242 1180 3292 huc

172 3333 217 3382 illa
231 3333 340 3383 salviani
352 3333 397 3383 lib.
410 3334 434 3383 4.
449 3334 480 3383 de
491 3333 621 3397 gubernat.
658 3332 720 3382 Dei:
751 3332 802 3392 Qui
812 3333 882 3382 initia
891 3347 989 3397 prepum
995 3338 1130 3395 praparat,
1148 3331 1181 3380 ad

171 3420 216 3470 lnoc
231 3428 314 3486 parat,
331 3428 359 3469 ut
373 3437 455 3470 curam
473 3420 656 3485 multiplicandis
672 3419 784 3485 prepibus
802 3419 1008 3486 impendat-W.
1043 3417 1134 3468 Fetura
1152 3420 1178 3467 iu

172 3523 263 3572 pecore
278 3507 378 3567 dicitur,
396 3509 463 3572 quod
479 3508 506 3556 iu
524 3508 627 3558 muliere
645 3508 813 3572 puerperium,
834 3516 887 3558 tum
902 3508 957 3571 ipse
974 3507 1042 3558 fetus
1058 3507 1179 3557 animalis.

175 3595 258 3649 varro
278 3595 309 3645 L.
329 3595 360 3645 L.
381 3595 418 3655 11,
442 3610 459 3654 1,
479 3597 517 3645 18.
555 3595 624 3645 Hinc
633 3597 694 3660 fetae
712 3612 762 3646 uon
782 3595 864 3645 solum
883 3595 996 3659 gravidae‚
1019 3596 1063 3644 sed
1081 3603 1107 3645 et
1125 3611 1179 3659 quae

171 3691 331 3747 pepererunt.
356 3684 391 3737 V.
417 3683 535 3748 Calpurn.
559 3684 596 3733 ΙΙ.
615 3684 656 3735 47.
694 3683 729 3736 V.
750 3686 782 3733 36
800 3691 826 3732 et
845 3685 885 3734 38.
921 3683 1017 3733 Statius
1038 3683 1120 3733 Theb.
1142 3684 1178 3745 X,

172 3771 234 3820 229:
264 3770 314 3820 Cui
322 3772 408 3836 satura
424 3788 518 3837 prepem
532 3787 646 3835 pecoroso
664 3787 718 3819 vere
734 3771 838 3819 nouauit.
876 3770 959 3823 Varro
978 3768 1054 3818 etiarn
1070 3768 1178 3819 feturam

173 3859 308 3909 humanam
319 3859 437 3924 appellat,
454 3860 497 3909 lib.
515 3859 552 3918 11,
572 3860 609 3917 10,
626 3859 799 3908 6.-Wuuus.

226 4037 312 4090 Vsus.
332 4037 473 4097 6l.-Qnis
489 4054 545 4086 vera
562 4036 657 4101 putati]
696 4032 974 4084 Ovid.1³ont.4.10.
1012 4033 1091 4094 Quum
1110 4036 1180 4083 miser

173 4134 217 4184 est,
234 4128 277 4190 qui
288 4129 344 4192 fert
357 4128 481 4190 asperiora
494 4123 626 4188 fidet-S.
660 4122 824 4187 Prooemium]
854 4125 972 4172 καλεῖται
989 4124 1039 4188 γὰρ
1060 4127 1113 4171 τῶν
1132 4125 1180 4186 μὲν

173 4214 248 4277 βοῶν
259 4217 292 4263 τὰ
306 4214 360 4272 νέα,
377 4215 472 4279 μόσχοι
490 4212 583 4262 Pollux
596 4211 640 4261 lib.
658 4226 676 4259 1.
694 4226 746 4274 cap.
765 4211 802 4261 12.
823 4218 884 4261 sect.
901 4212 939 4260 19.
976 4210 1015 4260 Ita
1031 4210 1138 4261 Horatio
1153 4212 1176 4260 3.

174 4317 249 4351 carm.
266 4303 304 4351 13.
335 4301 436 4351 Luscini
446 4299 536 4350 suboles
546 4301 633 4364 propes,
650 4297 731 4346 hedus
743 4298 869 4348 est-W.
929 4361 970 4403 M
