2706 5040
175 504 218 567 54
619 522 732 567 monn.

176 683 577 750 utanprosamaestdesmmo.
607 683 680 747 virg.
694 683 798 733 AEneid.
831 684 1167 751 -Anirnomquescpolcro

180 773 317 827 Condimus.
349 773 418 822 Plin.
429 772 473 822 lib.
488 775 510 824 7.
525 787 547 821 c.
557 774 595 822 16.
624 771 916 838 Corporasjmmiracsli
923 774 1007 838 pratici
1019 774 1168 824 inconditorio

179 860 379 913 Sallustianorum
400 861 588 911 aduocabantur
609 860 817 911 hortorum-W.
860 860 990 928 Lumina]
1033 862 1067 915 V.
1090 861 1121 911 N.
1143 861 1167 910 sd

178 948 265 1002 vuer.
287 949 370 998 F'lacc.
388 948 432 999 lib.
448 964 467 998 1.
483 964 547 998 vers.
563 948 695 1000 763.-w.
730 949 833 1008 condito,
857 948 942 998 clausa
958 957 1048 999 morte.
1087 948 1166 1012 Virgil.

180 1035 213 1087 G.
233 1036 285 1096 1v,
303 1038 365 1087 4962
391 1036 515 1101 conditque
531 1038 641 1086 minotio
656 1035 744 1086 lumino
759 1053 864 1087 somnus.
899 1036 973 1087 Male
990 1037 1040 1087 buc
1059 1037 1167 1088 Weitnius

176 1135 249 1177 vocat
258 1125 334 1176 ritum
346 1133 457 1175 veterem
467 1139 543 1174 manu
553 1124 677 1175 condendi
687 1124 848 1174 morientium
859 1125 1111 1176 lumina-wanno

226 1302 312 1356 Vnus.
329 1301 516 1367 75.-Mups'tds
530 1302 642 1366 iterans]
673 1300 758 1354 Valet.
776 1300 869 1352 Flacco
881 1300 909 1350 id
926 1310 967 1352 est
981 1301 1027 1351 lib.
1040 1303 1064 1352 3.
1083 1319 1104 1352 v.
1118 1304 1166 1353 457.

175 1392 271 1442 trahere
286 1391 393 1455 suspiria
406 1405 500 1440 vaccas.
538 1389 578 1438 De
592 1404 673 1439 rocca
688 1403 771 1438 amore
786 1389 812 1437 in
828 1389 919 1448 fctum,
936 1389 972 1440 ita
988 1390 1116 1442 Claudiurn.
1128 1389 1165 1440 lib.

176 1494 193 1527 1.
211 1478 242 1528 de
253 1487 325 1542 raptu
337 1494 361 1528 v.
376 1479 466 1529 lto-
472 1476 576 1529 Vitainm
587 1493 635 1527 non
643 1475 753 1560 'blandito
764 1477 837 1568 ondit

366 1605 438 1645 dorso
448 1613 537 1656 parom,
548 1602 638 1656 pedidus
651 1614 697 1655 quae
709 1603 801 1644 nondum
812 1604 913 1656 proterit
926 1617 991 1655 awa,

364 1679 411 1720 Nec
423 1689 480 1719 novo
492 1679 571 1719 lanato
583 1678 684 1720 cancro
694 1679 794 1731 permina
800 1679 893 1730 frontis.

178 1803 232 1853 Adi
253 1803 355 1852 Lucrot.
375 1801 420 1852 lib.
440 1801 465 1850 9„
490 1816 554 1850 vers.
572 1803 629 1851 352
668 1801 778 1866 Oppian.
803 1801 917 1854 Halieut.
940 1819 959 1853 1.
984 1819 1050 1854 vers.
1072 1805 1124 1856 724„
1147 1811 1170 1852 et

179 1893 300 1957 Cyncget.
314 1894 337 1942 3.
351 1906 375 1941 v.
386 1891 440 1941 107.
454 1899 481 1941 et
491 1906 561 1954 seqq.
575 1891 660 1943 Coint
678 1891 776 1957 Smyrn.
786 1891 804 1942 1.
819 1895 842 1944 7.
853 1907 877 1941 v.
890 1893 945 1943 154.
960 1893 1004 1942 ubi
1015 1892 1169 1948 Deidamian,

177 1980 340 2045 Neoptolemi
351 1979 462 2030 discessu
473 1979 621 2043 plorantem,
638 1980 737 2031 confert
747 1997 803 2030 cum
813 1982 895 2041 vacca,
912 1981 1019 2032 vitulam
1030 1981 1169 2045 requirente.

178 2068 216 2118 Et
236 2067 414 2119 Andromache
433 2066 499 2131 apud
520 2067 627 2117 eundem
649 2067 693 2118 lib.
716 2069 754 2118 13.
778 2084 803 2118 v.
824 2069 882 2119 258.
908 2068 997 2118 itidem
1021 2075 1169 2134 comparatur

175 2171 263 2216 vacca,

353 2242 396 2305 ἥδε
413 2243 467 2292 θέει
482 2242 584 2308 γοόωσα
600 2245 677 2309 φίλον
693 2241 766 2302 τέκος
783 2244 848 2294 ἔνθα
865 2245 907 2293 καὶ
924 2243 1000 2302 ἔνθα,

351 2332 438 2394 μακρὰ
455 2324 693 2397 xsuvpopivpr-W.

177 2468 263 2533 Mugit
274 2482 348 2519 vacca
359 2468 445 2519 dolore
456 2478 482 2520 ct
493 2470 617 2521 desiderio
627 2470 713 2520 amissi
724 2469 807 2520 vituli.
837 2469 913 2520 Ovid.
930 2469 1005 2520 Rem.
1019 2470 1079 2520 183:
1101 2467 1168 2518 Porto

174 2567 261 2610 sonant
274 2557 323 2608 olio
335 2557 401 2608 mlooe
413 2559 539 2624 mapitibus
554 2559 616 2618 oltra
636 2559 672 2608 Et
685 2560 792 2624 queritur
806 2557 903 2607 uitulum
918 2565 994 2608 mator
1008 2558 1089 2607 obesse
1100 2572 1164 2606 sunm

177 2647 247 2695 Idem
264 2647 334 2697 Fast.
353 2646 405 2704 IV,
427 2647 488 2698 459:
521 2647 555 2697 Ut
567 2645 640 2696 odolo
654 2647 728 2711 muqit
741 2663 786 2695 sua
801 2654 875 2695 mater
890 2644 920 2694 ab
939 2645 1011 2695 ubere
1025 2652 1103 2710 rapto.
1135 2641 1164 2695 V·

178 2733 250 2798 Calp.
264 2734 297 2784 E.
313 2735 366 2794 IX,
384 2736 573 2810 {tt-Walters.
953 2753 955 2757 ¹

225 2912 310 2965 VERs.
322 2912 433 2963 76.-Et
443 2911 516 2961 voluit
526 2912 608 2976 mori]
636 2909 704 2962 Vide
716 2911 833 2976 στοργὴν
845 2912 955 2975 φυσικὴν
967 2911 1005 2970 εἰς
1016 2913 1050 2961 τὰ
1063 2910 1136 2961 τέκνα
1145 2909 1166 2956 in

174 2999 254 3049 brutis
271 3000 354 3059 etiam,
375 3009 401 3050 et
418 3000 576 3064 obstupesce.
613 2999 681 3049 Eum
696 2999 723 3047 in
741 3014 842 3048 sensum
857 2999 981 3062 elegantia
995 3008 1056 3049 sunt
1072 2997 1168 3050 Diodori

174 3085 250 3136 verba
258 3086 303 3136 lib.
314 3088 338 3137 2.
356 3086 478 3137 Biblioth.
493 3087 581 3153 ἀγαθὴ
594 3087 610 3148 ἡ
622 3086 697 3152 φύσις
708 3084 863 3146 διδάσκαλος
874 3088 957 3136 ἅπασι
969 3092 1026 3146 τοῖς
1038 3089 1112 3147 ζώοις
1124 3088 1169 3138 ἐστὶ

174 3178 240 3242 πρὸς
252 3174 405 3241 διατήρησιν
416 3175 446 3225 οὐ
457 3175 540 3240 μόνον
553 3175 661 3233 ἑαυτῶν,
678 3175 803 3224 ἀλλὰκαὶ
816 3179 869 3225 τῶν
881 3175 1059 3240 γεννωμένων,
1078 3175 1119 3225 διὰ
1129 3179 1170 3235 τῆς

174 3269 317 3328 συγγενοῦς
329 3265 473 3329 φιλοζωῒας,
486 3266 533 3323 τὰς
545 3264 668 3328 διαδοχὰς
679 3263 714 3322 εἰς
727 3263 810 3314 ἀΐδιον
822 3265 923 3329 ἄγουσα
935 3262 1062 3328 διαμονῆς
1074 3267 1171 3315 surdos.

176 3349 217 3399 W.
258 3349 339 3399 Voluit
356 3353 415 3400 mori
428 3352 507 3415 accipi
525 3360 610 3415 potest
627 3367 673 3416 pro
690 3351 756 3402 brevi
770 3359 828 3416 post
847 3359 939 3400 mortua
957 3359 999 3400 est.
1038 3352 1104 3401 Nam
1121 3349 1172 3401 cedo

173 3435 245 3486 alteri
263 3435 340 3494 verbo
359 3437 503 3500 adjunctum
520 3455 585 3502 saepe
604 3440 731 3503 eleganter
748 3439 871 3488 abundare
889 3438 975 3495 docuit
992 3439 1130 3488 Reinesius
1149 3446 1173 3488 et

175 3523 336 3572 Burmannus
349 3523 381 3570 ad
396 3523 499 3574 Petron.
515 3541 569 3589 cap.
587 3529 627 3586 70,
645 3536 671 3577 et
687 3525 809 3590 sequioris
825 3526 931 3575 maxime
947 3526 993 3575 aevi
1011 3525 1172 3589 scriptoribus

173 3626 227 3659 eam
239 3608 344 3658 formam
356 3608 472 3659 usitatam
482 3626 537 3660 csse
549 3613 660 3664 ostendit
673 3613 794 3663 Barthius
808 3613 917 3662 Advers.
929 3612 997 3671 XII,
1014 3627 1033 3661 1.
1070 3613 1173 3677 Signan-

172 3706 211 3748 ter
230 3706 314 3748 tamen
333 3696 389 3747 velle
407 3699 467 3747 mori
487 3698 573 3750 dicunt
591 3717 643 3760 eos,
667 3716 730 3764 quos
750 3717 854 3751 moerore
874 3708 918 3750 aut
937 3701 1025 3750 morbo
1045 3701 1173 3751 confectos

172 3788 272 3837 tiedium
284 3786 429 3850 vitaecepit.
466 3786 540 3837 Ovid.
554 3782 673 3847 Met.'x,
693 3789 747 3846 131,
764 3788 1041 3851 planeuthicnoster:
1069 3789 1104 3838 Ut
1113 3805 1174 3838 servo

171 3879 303 3926 morientem
322 3875 416 3925 vnlnere
432 3876 499 3934 cidit,
528 3875 592 3925 Velle
607 3877 666 3925 mori
681 3877 773 3924 statuit.
811 3876 881 3924 Idem
896 3875 975 3925 Trist.
997 3875 1018 3935 Ι,
1038 3877 1063 3935 3,
1084 3879 1128 3926 99:
1153 3883 1176 3925 et

171 3962 271 4012 voluisse
288 3966 355 4013 mori.
393 3965 467 4014 Hanc
481 3965 622 4023 formulam,
643 3964 703 4013 alias
721 3973 817 4014 tuntum
836 3964 934 4014 homini
952 3972 1044 4027 aptam,
1068 3964 1175 4013 Severus

171 4049 212 4098 hic
225 4051 308 4107 bruto,
326 4059 449 4114 utsupra,
467 4069 489 4101 v.
501 4054 534 4102 :35
549 4061 575 4102 et
586 4054 626 4110 63,
644 4058 739 4101 mentem
755 4060 781 4101 et
795 4053 905 4109 animam,
922 4052 1039 4115 applicat,
1057 4067 1107 4100 non
1120 4051 1174 4099 sine

171 4139 293 4202 exemplo.
332 4139 397 4187 Nam
409 4147 435 4189 et
447 4142 512 4203 apud
527 4141 635 4190 Tertull.
651 4139 730 4202 Apol.
746 4156 768 4190 c.
782 4142 822 4189 30.
842 4140 955 4204 reprobus
966 4139 1008 4189 bos
1018 4141 1079 4188 mori
1089 4147 1175 4203 optans

171 4226 261 4275 dicitur
272 4226 421 4275 macilentus
434 4236 459 4277 et
470 4228 753 4278 morbidus-Wunus.
