2706 5040
187 538 227 599 14
549 534 612 597 DE
638 533 824 600 SEVERO

181 718 451 804 suppeditaverat,
500 720 683 804 conjectura
720 730 753 784 et
801 721 952 805 opinione
997 724 1192 806 profectum.

182 828 340 893 Veterum
364 828 448 890 enim
472 827 500 890 is
523 828 653 890 minime
679 852 748 892 mos
775 830 849 906 fuit,
880 840 919 893 ut
944 831 1074 897 diversa
1099 835 1193 899 unius

181 939 318 1004 hominis
346 939 476 1002 nomina
503 939 550 1002 ita
584 941 824 1025 conjungerent.
885 940 1004 1024 Itaque
1037 943 1095 1007 alii
1121 955 1192 1028 post

183 1048 351 1112 Pithoeum
374 1048 492 1113 eruditi
514 1071 632 1112 nomen
655 1049 736 1112 illud
760 1048 878 1113 Severo
901 1051 1023 1115 Sancto
1045 1054 1191 1119 additum

182 1159 226 1221 sic
241 1167 442 1243 acceperrmt,
466 1167 504 1221 ut
518 1167 681 1242 putarent,
707 1159 866 1252 Severum
876 1159 1034 1225 Sanctum
1054 1165 1190 1229 eundem

181 1290 260 1344 esse,
283 1290 319 1331 ac
344 1269 400 1352 qui
424 1268 501 1333 alias
523 1277 717 1331 memoretur
740 1268 965 1335 Endeleiohus.
1010 1271 1190 1340 Videamus

179 1400 276 1453 nunc,
314 1377 371 1440 ubi
399 1378 426 1440 is
460 1386 605 1461 repertus
641 1378 696 1441 sit.
755 1377 954 1457 Endelechii,
993 1383 1093 1446 amici
1130 1385 1187 1462 sui,

179 1469 326 1549 meminit
350 1485 504 1551 Paulinus
529 1487 686 1565 Nolanus,
715 1488 849 1572 epistola
867 1487 924 1552 IX
943 1491 985 1553 ad
1007 1491 1188 1577 Sulpicium

182 1596 345 1674 Severum,
374 1619 512 1681 eumque
534 1598 595 1661 sibi
612 1608 774 1662 auctorem
793 1598 891 1662 fuisse
912 1600 1022 1664 scribit
1044 1603 1188 1686 opusculi

181 1707 220 1771 de
245 1707 424 1772 Theodosio
449 1707 646 1792 Imperatore
674 1708 893 1792 componendi.
948 1708 1118 1775 Praeterea
1141 1713 1188 1776 in·

180 1818 299 1882 dicium
311 1795 500 1883 Endelechii
513 1818 649 1881 rhetoris
658 1818 736 1881 facit
748 1817 913 1882 annotatio
920 1829 1013 1883 vetus
1028 1821 1066 1884 in
1082 1823 1186 1903 codice

180 1930 364 2016 Apuleiana
390 1931 595 1995 bibliothecae
617 1930 785 1995 Vaticanae
812 1940 950 2016 reperta,
982 1955 1085 2017 quam
1107 1936 1184 2001 refe·

178 2053 256 2107 runt
274 2043 461 2107 sirmondus
472 2041 506 2104 in
528 2050 595 2104 not.
618 2040 659 2104 ad
676 2039 785 2104 Sidon.
806 2039 916 2125 Apoll.
928 2041 985 2105 lib.
1000 2041 1065 2120 IV,
1093 2045 1182 2130 epist

178 2152 211 2228 8,
248 2151 422 2215 Geverard.
457 2150 714 2214 Elmenhorstius
749 2149 790 2212 ad
822 2149 953 2234 Apulei.
993 2150 1182 2218 Rosweidus

177 2261 213 2323 in
241 2271 309 2322 not.
339 2260 380 2323 ad
411 2259 537 2323 Paulin.
577 2260 599 2324 l.
637 2282 664 2323 c.
709 2258 840 2323 Curtius
868 2258 1020 2338 Pichena,
1057 2263 1182 2346 praefat.

178 2367 315 2451 append.
336 2375 404 2429 not.
428 2367 464 2429 in
488 2367 646 2430 Tacitum.
692 2368 754 2431 Est
775 2390 851 2432 vero
873 2369 1074 2453 hujusmodi:
1114 2373 1182 2458 Epa

178 2476 338 2542 Salustius
364 2475 427 2559 leqi
448 2484 480 2538 et
500 2477 662 2539 emendavi
686 2479 795 2540 Rome
811 2477 969 2560 feliciter,
998 2479 1184 2564 Olybriaci

177 2586 315 2650 Prodico
342 2585 481 2647 Cassia
497 2586 573 2666 foro
598 2585 722 2649 Martis
744 2588 984 2651 controversiain
1001 2588 1183 2654 declamans

177 2696 297 2760 oratori
318 2692 524 2757 Endeleclio.
569 2695 694 2757 Rnrsns
723 2696 995 2780 Constantinopoli
1018 2701 1183 2784 recoqnoni

182 2808 319 2874 Caesario
334 2815 366 2870 et
379 2804 489 2868 Attico
507 2805 590 2869 Coss.
628 2804 807 2868 Enimuero
822 2804 947 2869 nullum
961 2805 1014 2869 hic
1029 2808 1182 2872 indicium

176 2915 366 2981 Endelechii
393 2936 453 2998 pro
484 2915 600 2978 Severo
632 2914 750 2979 Sancto
778 2913 916 2977 habendi
946 2924 1005 2979 est.
1064 2916 1181 3003 Neque

176 3027 262 3091 enim
284 3026 408 3110 uspiam
431 3025 628 3105 Endelechio
650 3047 768 3088 nomen
800 3024 910 3088 Sancti
933 3025 1119 3110 apponitur,
1144 3037 1182 3092 ut

174 3159 280 3220 neque
294 3135 419 3200 Sanctis
435 3134 491 3218 qui
504 3135 664 3211 dicuntur,
680 3155 798 3197 nomen
811 3133 1009 3198 Endelechii.
1035 3135 1181 3201 Flavium

134 3297 140 3309 .
176 3247 342 3321 Sanctum,
367 3243 494 3307 affinem
512 3267 616 3321 suum,
641 3253 797 3307 memorat
819 3243 994 3322 Ausonius,
1016 3244 1179 3312 Parental.

176 3355 316 3430 XVIII,
342 3376 439 3436 quem
458 3354 565 3416 innuit
587 3354 776 3438 praefectum
797 3355 866 3438 agri
886 3355 1049 3439 Rutupini
1070 3356 1181 3424 firisse.

174 3467 221 3529 Et
236 3465 277 3528 ad
292 3461 446 3525 Sanctum
461 3463 621 3546 quendam
636 3465 802 3548 epistolam
818 3464 945 3530 XXVI
961 3465 1073 3529 scribit
1094 3465 1182 3532 Pau·

173 3575 268 3651 linus,
293 3594 389 3657 quem
408 3571 494 3634 illius
511 3571 621 3636 Sancti
637 3575 740 3642 filium
757 3575 855 3640 fuisse
875 3575 1019 3661 conjicio.
1066 3576 1183 3642 Alium

175 3684 339 3760 Sanctum,
354 3703 426 3746 cum
437 3680 607 3760 Gallicino,
622 3682 813 3767 Burdegalae
824 3685 1010 3770 episcopatu
1018 3684 1180 3766 functum,

172 3808 211 3862 ut
224 3795 410 3862 familiarem
426 3817 520 3857 suum
532 3793 643 3857 laudat
665 3794 814 3859 Sidonius
829 3795 885 3860 lib.
902 3795 1004 3872 VIII,
1028 3797 1121 3880 epist.
1140 3819 1180 3864 11.

173 3907 285 3989 Atque
313 3905 347 3967 hi
372 3926 480 3969 omnes
508 3903 667 3987 Aquitani
689 3904 788 3967 fuisse
813 3915 845 3968 et
868 3906 903 3967 in
929 3905 1037 3969 Gallia
1059 3907 1181 3973 tixisse

171 4015 329 4089 videntur,
368 4014 525 4096 siquidem
538 4024 571 4076 et
587 4014 757 4079 Reinesius
774 4016 908 4099 epistola
922 4016 1014 4085 VIII
1029 4017 1071 4079 ad
1085 4017 1182 4082 Dau-

170 4123 272 4185 mium
294 4144 326 4205 p.
352 4121 406 4198 24,
433 4121 623 4187 Sanctorum
642 4135 771 4207 gentem
789 4125 946 4188 illustrem
964 4135 998 4189 et
1019 4126 1180 4191 celebrem

169 4232 253 4296 inter
275 4228 414 4294 Gallicas
434 4230 531 4296 fuisse
555 4233 705 4311 ostendit,
735 4234 881 4319 pluribus
905 4234 1008 4300 Gallis
1033 4236 1180 4320 ejusdem
