2706 5040
169 512 191 573 6
303 545 309 559 ·
566 507 782 574 LECTORI.

171 703 220 759 est
233 694 309 757 anni
327 692 420 770 1624,
443 693 500 756 ubi
517 714 625 758 rursus
641 703 729 758 tomo
744 692 801 757 III
815 714 889 778 pag.
910 691 976 758 579
989 693 1179 774 exhibetur,

171 814 205 868 et
218 804 253 867 in
267 813 405 888 utroque
425 803 557 887 ponitur
575 803 646 867 haeo
663 804 829 888 inscriptio
847 803 957 869 Severi
977 806 1133 873 Rhaton‘s
1148 815 1180 871 at

170 913 281 978 Poa'toe
312 914 489 977 Christiani
517 913 651 978 Carmen
677 914 873 978 Bucolicum.
921 914 1020 980 Tum:
1052 917 1181 1003 lambit

172 1043 298 1087 cumaea
322 1023 432 1087 Severi
455 1021 578 1100 Sancti,
609 1023 725 1100 idest,
755 1023 933 1087 Eadelacti
959 1024 1113 1090 asemas
1138 1027 1179 1091 de

172 1133 321 1196 mortibus
336 1133 442 1206 boam·
466 1140 499 1195 et
512 1131 591 1195 vitia
605 1130 716 1195 eadem
729 1141 870 1196 renovat.
1160 1117 1164 1124 ¹

133 1226 143 1246 ⁵
238 1239 401 1304 Caeterum
428 1262 487 1303 nec
515 1239 584 1324 ipse
612 1239 667 1303 ille
696 1238 911 1324 Margarinus,
948 1255 1008 1304 nec
1037 1240 1106 1324 ulla
1135 1264 1178 1306 ex

174 1350 366 1413 editionibus
389 1349 528 1413 indicare
551 1349 664 1426 voluit,
686 1350 773 1444 unde
797 1372 868 1413 eam
890 1349 969 1414 adeo
993 1372 1125 1415 suavem
1144 1361 1178 1414 et

172 1457 322 1521 blandam
336 1457 545 1542 appendicem
558 1457 650 1521 istius
662 1458 754 1522 molis
767 1457 1064 1523 velincrementum
1074 1459 1179 1544 petie·

173 1568 226 1644 rit,
260 1567 379 1631 nedum
406 1577 445 1630 ut
473 1567 654 1630 doctissimo
684 1566 781 1631 Petro
812 1567 938 1631 Pithaeo
963 1569 1080 1632 merita
1107 1568 1178 1634 laus

173 1677 381 1756 tribueretur,
401 1677 453 1741 cui
465 1687 618 1761 tanquam
630 1677 781 1741 servatori
791 1678 888 1763 hujus
899 1679 1047 1742 carminis
1058 1681 1179 1764 gratias

172 1800 330 1875 perpetuo
354 1789 406 1874 agi
425 1798 567 1874 oportet3
592 1810 688 1873 quam
704 1787 790 1851 facili
810 1787 952 1872 alioquin
968 1788 1067 1874 hujus
1087 1789 1179 1854 char·

173 1898 251 1962 tulae
272 1899 417 1976 interitu,
442 1897 504 1961 nisi
523 1898 591 1982 ipse
612 1896 652 1959 ab
673 1895 794 1961 Vineto
814 1906 981 1980 acceptum
1003 1896 1069 1961 illic
1093 1921 1179 1963 anno

175 2007 260 2071 1590
275 2006 518 2071 consecravisset
530 2004 731 2090 posteritati?
765 2004 819 2069 Ita
832 2004 913 2068 nihil
925 2005 1000 2069 inde
1014 2005 1177 2085 discimus,

173 2115 261 2200 quod
274 2124 416 2178 meretur
430 2114 517 2192 sciri3
541 2114 690 2178 discimus
704 2114 846 2190 modum,
870 2136 934 2198 quo
947 2113 1027 2178 tales
1038 2125 1179 2179 sartores

172 2223 289 2286 misera
317 2245 376 2286 sua
412 2222 519 2286 studia
553 2223 762 2287 instituerint.
824 2222 914 2288 Quid
942 2244 1017 2307 ergo
1045 2223 1180 2288 tandem

173 2340 289 2418 quarta
311 2331 410 2394 editio
431 2330 519 2394 fillius
546 2330 756 2396 Bibliothecae
784 2331 919 2396 Patrum
943 2330 1096 2416 Lugduni
1118 2355 1185 2418 per-

173 2440 361 2506 Anissonios
388 2440 551 2504 elaborata
579 2441 671 2528 etin
697 2451 824 2505 tantrun
853 2443 966 2506 aucta?
1010 2441 1074 2505 Illa
1101 2462 1179 2506 vero

172 2550 342 2636 praeripuit
364 2549 454 2626 mihi,
492 2550 579 2634 quod
606 2560 751 2635 poteram
775 2551 839 2615 huc
860 2574 919 2636 pro
944 2574 1017 2615 meo
1040 2553 1176 2618 adferre.

173 2661 261 2726 Nam
277 2682 378 2745 quum
398 2659 625 2724 eruditissimas
642 2658 664 2722 J
664 2682 710 2724 11.
734 2659 895 2724 Sirmondi
914 2671 1007 2724 notas
1024 2661 1066 2725 ad
1084 2662 1178 2726 Sido-

172 2771 263 2836 nium
277 2769 498 2856 Apollinarem
518 2770 675 2854 legissem,
698 2770 841 2854 mihique
855 2771 1059 2848 notavissem,
1088 2771 1178 2856 quod

173 2881 338 2966 egregium
351 2881 392 2944 ad
404 2879 501 2965 hujus
515 2879 735 2943 versificatoris
748 2899 866 2942 nomeu
881 2878 947 2942 illic
967 2878 1118 2965 protulit3
1142 2880 1178 2944 in

172 2990 232 3054 hac
256 2989 391 3054 Patrum
414 2989 554 3053 editione
578 2989 755 3073 concipitur
778 2988 848 3052 haec
870 2987 1017 3066 formula,
1048 2998 1120 3052 tum
1141 2989 1179 3053 in

171 3101 276 3187 primo
298 3111 386 3164 tomo
409 3100 524 3186 posita,
546 3098 604 3162 ubi
627 3098 782 3182 digeritur
804 3099 976 3184 inscriptus
996 3097 1098 3161 index
1118 3097 1179 3162 Al-

172 3211 361 3297 phabeticus
377 3209 548 3274 authorum
565 3208 707 3272 omnirun
727 3218 761 3271 et
777 3207 1003 3292 opusculorum
1022 3207 1057 3270 in
1080 3209 1179 3272 tomis

175 3319 284 3386 XVII
299 3316 511 3382 Bibliothecae
526 3315 699 3394 Maxirnae3
722 3326 794 3380 tum
805 3317 840 3380 in
854 3317 944 3381 Seria
958 3317 1131 3382 authorum
1141 3328 1179 3382 et

174 3425 399 3512 opusculorum
411 3425 490 3487 tomi
498 3423 565 3488 VI:
593 3424 758 3489 “Severus
773 3425 900 3489 Rhetor
912 3426 1038 3510 scripsit
1049 3447 1180 3490 carmen

175 3541 197 3571 “
211 3532 409 3611 Bucolicum,
429 3533 516 3618 quod
528 3542 620 3598 extat
632 3534 656 3598 f.
671 3535 748 3613 376,
768 3558 810 3599 ex
822 3558 888 3621 quo
900 3537 1038 3600 carmine
1049 3536 1179 3601 videtur

175 3649 197 3682 “
208 3665 301 3730 posse
319 3642 425 3727 colligi
445 3643 611 3708 authorem
629 3643 714 3708 hunc
728 3645 847 3709 vixisse
863 3669 928 3709 non
944 3646 1084 3710 multum
1102 3655 1180 3730 post

175 3760 196 3792 “
210 3777 306 3840 quam
324 3751 504 3817 Christiana
523 3752 635 3836 religio
653 3762 722 3818 toto
740 3755 815 3819 orbe
833 3764 916 3818 esset
931 3763 1072 3839 recepta,
1103 3777 1179 3819 cum

174 3869 196 3899 ‘⁶
209 3863 677 3948 adhucsuperessentreliquiae
685 3864 884 3947 gentilitatis.
912 3862 1082 3929 Posuimus
1089 3864 1178 3928 hunc

174 3970 375 4033 “authorem
401 3972 486 4035 inter
510 3971 689 4057 Scriptores
714 3972 953 4039 Ecclesiasticos
980 3984 1113 4059 propter
1140 3996 1179 4038 ea

174 4086 196 4118 “
210 4102 283 4165 quae
304 4079 337 4142 in
353 4080 414 4144 hoc
438 4083 576 4147 carmine
597 4084 636 4147 de
661 4107 722 4149 usu
746 4094 779 4149 et
803 4085 943 4150 efficacia
966 4086 1048 4169 signi
1072 4087 1175 4149 crucis

174 4197 195 4227 “
209 4190 319 4256 scribit
333 4191 415 4256 circa
429 4193 540 4258 finem:
565 4194 621 4259 boc
639 4196 760 4280 siparum
780 4196 890 4262 mediis
906 4198 1069 4279 frontibus
1086 4197 1179 4261 adai-
