2706 5040
160 557 200 620 18
524 551 587 614 DE
613 551 799 615 SEVERO

159 741 290 803 deorum
303 737 430 820 templis
446 738 479 798 in
495 736 628 799 urbibus
643 738 791 812 nonalia,
809 760 905 820 quam
920 737 1046 802 Christi
1061 741 1175 824 religio

159 851 327 924 coleretur,
350 848 519 930 gentilium
540 870 614 910 vero
638 846 743 910 cultus
769 848 1004 911 exterminatus
1030 850 1067 911 in
1091 851 1175 932 agris

159 959 316 1043 pagisque
347 956 544 1020 subsisteret.
592 956 714 1039 Scopus
740 955 848 1018 Severi
877 957 910 1017 in
937 956 999 1019 hoc
1034 959 1174 1020 carmine

159 1068 351 1132 elaborando
371 1066 468 1130 fuisse
483 1065 620 1140 videtur,
644 1077 681 1127 ut
696 1065 729 1126 in
744 1066 873 1149 publica
887 1067 1074 1130 calamitate
1089 1091 1173 1131 mor-

160 1176 264 1240 tiferae
288 1177 350 1239 luis
374 1174 556 1238 hominibus
581 1174 645 1236 suis
666 1174 824 1237 auxilium
847 1173 967 1236 Christi
990 1177 1170 1258 petendum

163 1287 306 1361 suadeat,
333 1308 434 1367 eoque
457 1284 579 1347 cultum
597 1283 846 1367 religionemque
867 1285 936 1367 ejus
958 1286 1172 1348 commendet

165 1393 277 1461 Quum
290 1393 361 1455 haec
377 1392 537 1455 calamitas
552 1413 619 1454 rem
634 1393 784 1454 rusticam
799 1392 947 1475 attingat,
967 1395 1099 1476 putavit
1114 1394 1173 1457 sibi

163 1502 198 1565 id
217 1511 440 1584 argumentum
465 1501 603 1563 carmine
624 1501 753 1577 rustico,
776 1501 826 1563 vel
846 1501 886 1564 ad
906 1501 1044 1566 formam
1058 1505 1173 1568 veteris

163 1611 302 1675 bucolici
327 1612 502 1695 composito
527 1612 777 1694 exsequendum.
826 1612 980 1675 Similiter
1004 1613 1107 1677 alium
1129 1615 1173 1678 fe÷

165 1722 244 1785 cisse
258 1731 388 1805 poetam
402 1721 630 1797 Christianum,
646 1732 684 1783 ut
696 1722 834 1784 carmine
848 1721 1005 1800 bucolicO,
1022 1734 1059 1787 et
1068 1724 1172 1810 Tityri

163 1832 292 1895 nomine
321 1842 485 1916 usrnpato,
510 1830 689 1899 Christum
724 1832 909 1909 celebraret,
947 1833 1103 1899 discimus
1134 1837 1172 1900 ab

46 2019 49 2025 Ι
166 1938 290 2005 Isidoro
306 1940 431 2025 Hispal.
450 1939 538 2022 Orig.
562 1939 618 2001 lib.
636 1939 663 2003 Ι.
689 1961 756 2023 cap.
774 1941 827 2017 38,
852 1941 908 2003 ubi
927 1941 965 2003 de
982 1945 1172 2008 centonibus

166 2049 364 2134 Virgilianis,
388 2050 550 2133 sigillatim
574 2047 689 2111 Probae
706 2049 859 2134 Adelphii
880 2052 1002 2128 uxoriS,
1025 2054 1171 2138 loquens,

165 2160 235 2222 haec
259 2160 360 2222 addit:
399 2160 454 2222 Sic
485 2182 605 2243 quoque
636 2168 667 2221 et
696 2160 824 2244 quidem
854 2161 1045 2245 Poemenius
1073 2187 1116 2227 ex
1142 2186 1173 2228 eo

166 2267 286 2330 demum
304 2275 450 2349 poemate
473 2270 558 2329 inter
581 2278 697 2330 ecetera
720 2269 790 2330 stili
810 2271 860 2332 sui
881 2271 947 2332 otiu
968 2271 1121 2356 Tityrum
1141 2275 1173 2336 ia

171 2374 291 2435 Christi
317 2373 460 2435 honorem
489 2379 668 2459 composuit.
722 2375 885 2440 Ausonius
910 2378 994 2441 inter
1021 2391 1172 2463 cognatos

167 2505 240 2546 suos
257 2481 470 2565 Pomponium
491 2483 686 2560 Maximum,
711 2486 825 2548 sororis
845 2476 958 2563 filium,
982 2488 1023 2550 ab
1044 2487 1173 2572 ingenio

167 2604 201 2657 et
213 2591 362 2656 facundia
375 2591 494 2680 laudat,
513 2592 672 2657 Parental.
691 2594 812 2672 XVII,
834 2607 877 2672 et,
896 2597 957 2659 nisi
974 2596 1172 2683 Pomponius

168 2704 208 2767 ab
225 2702 348 2767 Isidoro
362 2703 544 2767 nominatus
556 2703 608 2766 hic
623 2704 691 2787 ipse
705 2714 764 2781 est,
781 2715 865 2768 certe
881 2729 924 2768 ex
939 2717 1036 2770 aetate
1050 2719 1083 2771 et
1100 2731 1173 2792 cog·

168 2813 297 2877 natione
308 2812 455 2889 Ausonii,
469 2813 612 2896 adeoque
626 2823 659 2875 et
673 2813 781 2876 Severi
793 2813 912 2890 Sancti,
926 2814 1023 2879 fuisse
1035 2816 1172 2894 videtur,

169 2924 226 3006 qui
251 2924 419 3006 utriusque
446 2923 595 3007 exemplo
620 2932 653 2984 et
678 2921 841 2985 Christum
865 2924 1003 2986 carmine
1028 2925 1174 2989 bucolico

168 3033 338 3110 celebrare,
362 3043 395 3095 et
409 3032 597 3096 centonibus
612 3031 799 3114 Virgilianis
814 3032 863 3094 uti
878 3033 1024 3096 voluerit.

238 3142 336 3210 Quod
359 3165 378 3206 a
402 3142 533 3205 Pithoeo
557 3141 690 3224 aliisque
716 3141 890 3204 editoribus
916 3164 1042 3205 carmen
1066 3143 1175 3207 Severi

169 3252 361 3327 bucolicum,
378 3252 457 3314 item
472 3251 593 3332 Ecloga
606 3249 760 3325 bucolica,
780 3250 969 3333 appelletur,
987 3250 1022 3312 id
1035 3252 1175 3332 graviter

170 3358 365 3438 indignatur,
389 3359 446 3439 qui
461 3358 634 3419 editionem
650 3357 840 3420 Leidensem
856 3359 988 3435 curavit,
1012 3358 1046 3421 in
1060 3359 1177 3443 praefa-

170 3465 269 3539 tione,
293 3464 489 3539 existimans
512 3482 618 3547 neque
642 3477 804 3530 auctorem
821 3467 974 3530 Severum
998 3467 1045 3530 ita
1066 3469 1178 3552 appel·

169 3574 292 3651 lavisse,
315 3595 420 3657 neque
445 3595 570 3636 carmen
593 3575 699 3658 ipsum
724 3576 855 3658 dignum
880 3596 958 3653 esse,
982 3577 1071 3659 quod
1092 3577 1177 3640 inter

171 3685 316 3749 bucolica
332 3683 398 3746 veri
419 3683 555 3746 nominis
577 3695 774 3760 numeretur,
798 3707 899 3767 quum
923 3684 1113 3767 neutiquam
1137 3686 1179 3748 ad

171 3795 266 3859 istam
293 3794 492 3858 dulcedinem
519 3794 676 3868 ascendat,
705 3816 801 3876 quarn
827 3793 909 3855 ratio
933 3795 1001 3877 ejus
1029 3794 1179 3857 carminis

172 3915 292 3987 poscat,
314 3916 352 3967 ut
367 3904 425 3967 sub
440 3903 554 3967 humili
569 3926 675 3965 rerum
690 3886 863 3984 agrestium
879 3903 1067 3965 tractatione
1082 3904 1180 3967 intel-

172 4013 291 4095 ligatur
303 4013 493 4074 abscondere
509 4013 630 4096 aliquid
644 4012 823 4087 mirificum,
839 4012 926 4095 quod
937 4012 988 4074 vel
1002 4012 1036 4073 in
1050 4012 1180 4095 palatiis

173 4124 223 4186 vel
240 4124 274 4184 in
288 4123 368 4184 urbe
383 4123 466 4185 inter
478 4125 596 4187 vicinos
612 4135 668 4188 aut
683 4124 799 4186 amicos
814 4122 979 4198 acciderit3
999 4122 1055 4184 sed
1069 4123 1179 4205 potius

174 4234 258 4295 nude
281 4242 405 4296 enarret
428 4243 524 4315 atque
549 4235 692 4318 deploret
716 4256 763 4309 ea,
787 4256 860 4315 quae
882 4233 916 4296 in
939 4232 1021 4315 agris
1046 4254 1089 4293 ex
1103 4254 1180 4295 vero
