2706 5040
547 561 658 604 Nom.
1063 544 1101 607 41

147 722 231 775 Vnus.
244 722 518 788 6.-AEyrtseensitue]
538 722 651 772 Ennius:
670 722 837 788 AEqrocorde,
853 724 924 772 comis
931 725 1101 789 parsit-W.

149 889 234 943 Vnus.
248 889 407 941 7.-Vuluus
417 898 515 950 reserat,
531 892 573 955 qui
585 890 648 941 mela
659 890 778 957 publicet]
799 891 916 942 sedulius
927 891 971 942 lib.
985 894 1009 943 a
1031 891 1102 956 Ope-

98 993 154 1028 rum
168 977 283 1028 Paschal.
297 993 322 1028 v.
335 978 392 1028 416.

449 1109 500 1121 ·-
513 1089 595 1141 Magna
608 1094 640 1131 eet
652 1091 765 1140 medicina,
782 1092 863 1143 fateri,

277 1163 338 1216 Quod
349 1165 410 1204 uocet
422 1161 540 1203 abnuendi:
554 1163 655 1214 quoniam
668 1176 709 1205 tue
721 1165 813 1206 vulnera
824 1166 902 1217 nutrit,

277 1237 319 1289 Qut
331 1237 391 1289 tegit,
404 1239 426 1277 et
436 1236 525 1289 piatam
538 1237 634 1289 trepidet
646 1238 730 1279 nudare
742 1238 839 1282 medenti.

96 1359 191 1410 Botth.
203 1358 248 1409 lib.
262 1373 281 1408 1.
295 1358 376 1409 Prosa
385 1359 410 1407 4.
445 1357 477 1408 Si
490 1375 585 1423 operum
595 1359 731 1410 medicantis
742 1367 861 1426 expectat,
878 1367 970 1426 oportet
980 1367 1007 1410 ut
1017 1359 1101 1411 uulnus

95 1446 278 1513 Meque-W.
325 1445 439 1512 Reserat]
472 1445 584 1496 Tralatio
610 1447 798 1498 venustissima:
835 1464 890 1511 quoe
912 1448 1006 1512 passim
1028 1448 1102 1499 bonis

96 1537 240 1588 auctoribus
255 1534 393 1585 familiaris.
433 1535 552 1585 Reserate
564 1543 662 1586 secreta.
680 1536 740 1590 Val.
761 1535 846 1586 Flace.
859 1536 904 1587 lib.
919 1541 942 1589 7.
961 1553 986 1587 v.
1000 1538 1057 1588 438.
1076 1545 1104 1588 et

94 1627 140 1678 lib.
156 1627 178 1676 1.
197 1642 221 1677 ν.
235 1627 292 1677 655.
310 1632 415 1674 reserata
433 1624 497 1674 dte.-
524 1623 590 1674 sicut
609 1624 703 1675 Boitth.
721 1624 786 1675 libro
797 1639 816 1674 1.
835 1626 931 1676 meta
952 1633 980 1675 et
998 1625 1103 1676 clausum

94 1724 183 1767 reseret
198 1715 266 1766 diem.
290 1712 410 1764 Martiun.
432 1711 536 1776 Capella
554 1712 597 1762 lib.
616 1728 633 1762 1.
655 1714 686 1762 de
708 1711 819 1763 Phoebo:
849 1714 931 1778 Atque
948 1713 1008 1763 tuem
1026 1712 1102 1778 pallio

94 1804 214 1864 rutilante,
239 1820 269 1854 ue
290 1810 394 1853 reserato
413 1800 528 1851 stellantis
546 1801 599 1866 poli
617 1801 703 1861 limine,
731 1802 769 1851 eol
787 1811 882 1867 repente
899 1792 978 1853 clarus
998 1804 1099 1853 emicuit.
1138 1849 1141 1853 .

97 1891 241 1958 symmach.
254 1891 298 1942 lib.
310 1892 335 1941 5.
349 1890 423 1956 epist.
433 1891 474 1940 61.
514 1889 572 1940 Tibi
582 1898 659 1939 autem
669 1908 716 1940 nort
727 1893 803 1940 tenuis
813 1891 847 1941 ed
856 1891 947 1942 laudem
957 1891 1101 1942 reserabitur

93 1984 143 2033 viu.
180 1981 244 2032 Ibid.
259 1997 299 2045 ep.
313 1981 354 2030 68.
387 1979 489 2030 Aditum
499 1979 557 2029 milti
570 1979 759 2029 adscribendum
769 1981 822 2030 terr)
833 1981 966 2032 retertletit.
1005 1981 1043 2032 Et
1054 1981 1099 2032 lib.

93 2073 118 2123 9.
136 2086 176 2135 ep.
193 2071 234 2120 32
275 2069 310 2120 Ut
319 2070 342 2118 εἰ
352 2067 420 2133 apud
433 2074 455 2117 te
465 2068 563 2132 primun
572 2069 675 2132 januam
686 2084 749 2117 meus
763 2085 838 2118 termo
850 2077 973 2119 reseraret.
1005 2068 1097 2120 Weltz.

94 2157 208 2223 Detegit,
225 2157 327 2208 revelat.
355 2155 517 2207 ἑκκαλὺπτει.
548 2155 656 2220 Sophoc.
670 2155 746 2220 Ajac.
756 2173 780 2207 v.
794 2157 864 2207 1622.
894 2158 1100 2224 ἴθ’ὲκκαλυψον,

92 2251 129 2308 ὡς
139 2249 185 2299 ἴδω
200 2250 230 2299 τὸ
246 2251 303 2299 πᾶν
319 2246 470 2299 textu-S.
503 2254 600 2305 reserat,
617 2246 719 2310 rumpit,
736 2255 762 2297 et
776 2255 886 2297 renovat.
911 2248 940 2296 In
952 2264 1027 2312 quum
1042 2263 1100 2298 sen-

92 2338 198 2390 tentiam
214 2336 290 2388 ovid.
307 2335 386 2386 Trist
404 2335 455 2394 IV,
476 2335 500 2393 4,
522 2335 568 2384 4οε
596 2335 633 2383 At
649 2337 700 2384 sine
716 2352 751 2384 me
764 2337 881 2401 sutirum
899 2339 1028 2387 meminiret
1045 2339 1098 2397 mei,

91 2427 162 2478 Neve
175 2424 325 2476 retractando
336 2423 439 2474 nondum
452 2425 560 2474 coeuntia
574 2440 682 2488 rumpam
698 2423 811 2476 Vulnera.
846 2425 978 2476 Commissa
992 2443 1098 2477 reserare

91 2513 201 2566 occmrit
214 2513 242 2563 in
253 2512 395 2578 fragmento
412 2512 536 2573 Petronii,
553 2512 621 2576 quod
636 2512 792 2577 propositum
807 2521 846 2563 est
861 2513 945 2565 Tomo
960 2514 1006 2566 III
1021 2515 1095 2566 Poet.

94 2601 162 2652 Min.
175 2618 200 2666 p.
215 2603 255 2662 75,
271 2617 295 2652 v.
307 2600 479 2653 6.-Wn1tus.

144 2780 229 2834 VERS.
238 2780 412 2831 8.-Tucitum
418 2778 518 2844 premit]
542 2779 604 2843 σιγῇ
623 2779 670 2835 τὰς
679 2780 812 2842 συμφορὰς
826 2781 1008 2845 κατακρύπτει.
1033 2781 1094 2831 Isid.

93 2868 182 2918 Polus.
198 2867 243 2918 lib.
257 2870 281 2918 4.
300 2882 339 2931 ep.
353 2864 485 2916 110.-W.
522 2864 563 2914 Ne
575 2863 682 2914 dubitati
697 2864 798 2928 quidem
814 2873 908 2928 potest,
925 2869 1096 2931 reponendum

89 2971 148 3006 esse
159 2957 254 3006 tacitus.
278 2953 407 3007 HEVM.
435 2955 475 3003 At
486 2968 532 3016 ego
543 2969 595 3002 non
606 2952 720 3003 arbitror.
744 2953 853 3004 Tacitum
864 2952 986 3018 intelligit
996 2955 1096 3014 vulnus,

90 3044 160 3109 quod
170 3052 274 3104 tacetur,
291 3059 343 3093 non
354 3043 486 3094 revelatur.
497 3043 593 3093 tacitum
605 3044 671 3092 virus
682 3041 770 3092 occulto
781 3042 825 3092 sub
837 3042 930 3093 tulum
942 3043 1005 3094 dixit
1021 3030 1093 3110 Galp'.

92 3133 127 3184 E.
141 3133 178 3193 V,
195 3133 235 3184 74.
270 3131 309 3182 Et
323 3131 411 3184 Claud.
430 3130 502 3194 Idyll.
517 3130 561 3183 VI
575 3130 605 3179 de
619 3130 672 3194 Ap.
688 3132 717 3179 9:
745 3129 863 3180 Indietum
881 3148 955 3195 neque
974 3133 1034 3181 enim
1048 3135 1096 3198 see

86 3231 125 3274 est
135 3225 276 3288 tacitumque
286 3221 395 3287 relinqui.
431 3222 530 3272 Tacitus
541 3229 624 3271 tumen
635 3220 718 3284 legere
729 3221 784 3272 vult
797 3221 928 3273 Antonius
939 3224 970 3273 de
984 3223 1059 3288 Rooy
1068 3225 1096 3272 in

94 3311 182 3376 Spieil.
199 3311 263 3363 Crit.
280 3327 305 3375 p.
318 3311 359 3370 21,
376 3326 401 3375 p.
418 3311 472 3361 155.
501 3308 580 3359 Juvat
593 3309 665 3359 locus
681 3309 767 3361 Ovidii
781 3310 854 3360 abeo
864 3311 994 3372 adductus,
1014 3310 1093 3363 Trist.

93 3398 129 3458 V,
146 3414 164 3458 1,
181 3401 226 3450 50:
248 3399 287 3448 At
295 3405 402 3463 poterat,
419 3399 506 3463 inquit,
523 3395 604 3446 melius
614 3396 678 3447 mula
686 3399 757 3464 serre
767 3397 864 3459 ulmeio,
880 3398 917 3448 Er
928 3400 1014 3450 tacitus
1024 3415 1095 3450 catut

88 3491 238 3542 dissimulare
247 3490 457 3542 ωσι-11116115.

138 3669 162 3718 9.
190 3667 269 3718 Recta
290 3668 412 3733 eumenus]
444 3667 537 3718 Boeth.
559 3667 603 3718 lib.
625 3669 649 3718 3.
675 3677 735 3720 met.
758 3683 787 3718 11.
812 3667 905 3733 Roqatt'
924 3675 1008 3732 sponte
1028 3675 1093 3717 reeta

86 3755 274 3807 censuit-W.

138 3931 177 3982 10.
196 3929 290 3981 Divite
301 3933 379 3981 minut
389 3932 486 3980 sarcina
496 3930 531 3992 fit
543 3930 639 3995 yravit]
660 3929 697 3978 Ut
707 3928 778 3978 labor
788 3943 845 3977 cum
857 3925 970 3991 pluribus
982 3941 1094 3976 commu-

87 4018 188 4070 nicatus
198 4019 279 4070 levior
291 4019 335 4070 fit:
361 4019 397 4068 sie
408 4018 475 4068 idem
487 4017 566 4069 dolor.
580 4016 651 4080 Lips.
663 4019 687 4067 2.
700 4016 789 4068 const.
802 4009 826 4065 t.
838 4017 878 4066 26.
913 4013 1000 4065 Multae
1011 4031 1095 4064 manus

83 4125 147 4159 ortus
160 4107 234 4158 levius
245 4108 352 4159 reddunt.
369 4107 443 4160 Erus.
456 4107 525 4172 atlug.
542 4105 633 4182 Weitz.
650 4105 729 4156 Hom.
742 4105 814 4155 Iliad.
837 4124 858 4157 κ.
873 4105 929 4157 224.
949 4107 998 4156 σὺν
1014 4103 1040 4154 δὲ
1055 4102 1093 4154 tt’

86 4195 293 4262 ἐρχομένω-8.

865 4279 884 4320 F
