2706 5040
487 545 661 612 SEVERI
688 545 862 613 SANCTI

298 781 362 846 Hic
379 782 476 845 fontis
490 802 638 857 renuens,
662 783 813 864 graminis
829 783 1010 859 immemor,
1104 785 1138 846 65

300 917 396 981 Errat
411 916 560 981 succiduo
574 915 693 979 bucula
707 915 842 1000 poplite,

299 1049 369 1112 Nec
384 1049 515 1131 longum
530 1047 664 1130 refugit3
689 1047 745 1111 sed
757 1049 898 1130 graviter
911 1049 980 1112 ruit

559 1181 634 1245 Leti
650 1183 801 1266 compede
817 1183 1010 1247 claudicans.

299 1389 347 1453 At
362 1400 453 1474 parte
469 1411 512 1452 ex
527 1388 598 1463 alia,
623 1388 680 1472 qui
694 1387 813 1452 vitulus
828 1389 926 1450 modo

299 1525 447 1588 Lascivas
463 1523 578 1587 saliens
594 1532 742 1586 texuerat
756 1523 833 1598 vias,

299 1657 347 1720 Ut
362 1668 496 1721 matrem
511 1657 621 1733 subiit,
645 1677 722 1719 mox
736 1656 797 1719 sibi
812 1657 961 1720 morbido

560 1789 690 1852 Pestem
706 1789 805 1852 traxit
820 1790 860 1851 ab
875 1791 989 1854 ubere.

298 1997 407 2061 Mater
422 1997 566 2061 tristifico
581 1997 711 2061 vulnere
727 1997 843 2071 saucia,

300 2132 348 2194 Ut
362 2132 442 2195 vidit
457 2131 549 2195 vituli
562 2131 689 2194 condita
702 2130 838 2205 lumina3

299 2265 447 2349 Mugitus
462 2267 591 2342 iterans,
615 2289 651 2328 ac
666 2267 779 2329 misere
791 2289 934 2350 gemens,
1111 2269 1147 2332 75

559 2398 664 2484 Lapsa
679 2411 738 2476 est,
763 2411 795 2463 et
809 2400 911 2465 voluit
926 2403 1020 2466 mori.

299 2606 389 2670 Tunc
407 2614 559 2690 tanquam
573 2616 731 2681 metuens,
754 2627 794 2667 ne
810 2605 879 2669 sitis
897 2606 1003 2670 aridas

300 2739 422 2804 Fauces
437 2739 642 2823 opprimeret,
667 2739 710 2801 sic
727 2760 855 2822 quoque
869 2738 949 2802 dum
960 2741 1064 2824 jacet,

297 2874 450 2938 Admovit
464 2873 601 2936 moriens
616 2873 716 2935 ubera
729 2882 869 2936 mortuo:

558 3004 637 3068 Post
654 3015 789 3068 mortem
803 3005 904 3089 pietas
919 3005 1025 3088 viget!
1118 3010 1159 3073 80

298 3212 385 3277 Hinc
400 3223 522 3287 taurus,
547 3211 639 3275 solidi
652 3211 700 3274 vir
714 3212 818 3294 gregis
834 3220 866 3273 et
880 3219 985 3295 pater,

298 3344 435 3408 Cervicis
450 3344 573 3419 validae,
597 3343 710 3407 frontis
727 3353 760 3405 et
775 3343 893 3418 arduae,

297 3477 409 3543 Laetus
422 3478 497 3542 dum
512 3477 639 3541 sibimet
653 3476 725 3561 plus
740 3478 838 3540 nimio
853 3477 969 3561 placet,

558 3611 655 3674 Prato
672 3611 808 3674 concidit
822 3610 964 3673 herbido.

297 3819 404 3884 Quam
418 3818 527 3881 multis
542 3818 624 3882 foliis
640 3818 717 3881 silva
732 3818 917 3882 cadentibus
1115 3824 1161 3887 85

297 3950 458 4027 Nudatur,
482 3951 593 4033 gelidis
609 3961 694 4014 tacta
709 3951 940 4034 Aquilonibus:

297 4082 404 4148 Quam
420 4084 523 4147 densis
537 4084 666 4147 fluitant
680 4083 849 4146 velleribus
864 4083 965 4158 nives3

556 4217 637 4282 Tam
653 4217 771 4281 crebrae
787 4216 946 4300 pecudum
961 4237 1066 4278 ncces.
