2706 5040
512 519 708 583 sarcre.
945 604 953 617 „
1072 525 1112 586 19

14 696 16 700 Α
103 706 318 788 contigerant,
342 714 375 767 et
388 715 507 788 praeter
521 706 651 769 nomina
665 705 705 767 ab
723 704 904 788 pastoribus
919 715 976 767 aut
996 705 1114 770 bubul-

105 815 152 877 cis
172 814 248 876 olim
269 824 422 898 usurpata
442 814 528 897 apud
549 825 671 897 poetas,
696 813 776 875 nihil
792 814 910 877 habeat
923 814 1001 890 fere,
1026 816 1114 899 quod

107 925 148 988 ad
170 924 304 987 formam
331 924 477 986 carminis
504 923 642 986 bucolici
668 923 837 1006 pertineat.
884 924 956 1006 Ego
983 924 1113 1007 quidem

106 1035 177 1101 haec
191 1057 264 1097 vere
290 1034 352 1096 dici
374 1033 487 1108 fateor,
511 1033 576 1096 imo
597 1044 760 1096 auctorem
774 1033 834 1095 hoc
849 1034 949 1116 magis
971 1034 1064 1098 credo
1079 1035 1114 1096 in

107 1143 194 1227 leges
215 1143 361 1206 carminis
379 1142 516 1205 bucolici
531 1142 710 1225 impegisse,
736 1143 832 1225 quod,
855 1166 927 1206 cum
947 1143 1023 1207 alias
1037 1145 1113 1208 vitae

107 1253 295 1337 pastoritiae,
326 1252 428 1335 qualis
455 1252 631 1336 priscorum
655 1253 821 1315 hominum
847 1253 920 1330 fuit,
949 1255 1113 1332 securitas,

106 1362 287 1439 amoenitas,
310 1363 427 1445 gaudia
451 1373 484 1425 et
509 1363 632 1426 deliciae
654 1387 692 1426 eo
713 1364 850 1426 carmine
869 1364 1050 1428 adumbrari
1065 1388 1114 1428 so·

107 1470 204 1548 leant,
221 1483 330 1535 contra
344 1473 379 1534 in
393 1473 453 1535 hoc
469 1495 591 1535 summa
606 1474 749 1557 ejusdem
764 1474 890 1537 miseria
905 1485 938 1537 et
952 1475 1114 1539 calamitas

108 1579 318 1656 describatur3
360 1582 446 1644 idem
473 1592 579 1643 tamen
607 1582 774 1658 contendo,
809 1604 875 1645 non
900 1585 1007 1666 magni
1034 1585 1114 1648 adeo

107 1688 261 1751 momenti
280 1689 363 1751 hanc
381 1689 626 1750 controversiam
656 1711 733 1764 esse,
757 1690 963 1775 potuisseque
979 1715 997 1754 a
1012 1692 1113 1755 doctis

106 1799 181 1864 viris
195 1820 322 1861 carmen
336 1797 517 1860 bucolicum
530 1797 693 1881 appellari,
709 1796 892 1861 laxamento
905 1800 934 1861 ei
945 1800 1015 1863 voci
1029 1801 1114 1876 dato,

107 1906 196 1990 quod
224 1905 438 1988 qualicunque
466 1906 560 1968 modo
587 1907 616 1968 ei
644 1906 756 1968 simile
770 1918 862 1970 esset.
910 1907 1036 1970 Deinde
1059 1908 1116 1974 vix

106 2016 232 2091 dubito,
257 2015 383 2078 tametsi
407 2026 517 2078 auctor
539 2037 667 2078 carmen
691 2039 784 2079 suum
808 2017 876 2100 ipse
897 2039 962 2080 non
982 2017 1115 2100 inscrip-

105 2125 185 2188 serit
201 2123 393 2200 bucolicum,
418 2124 505 2208 quod
526 2135 614 2187 certo
635 2124 785 2188 affirmari
805 2125 930 2208 nequit,
950 2125 1115 2209 scripsisse

107 2233 143 2297 id
163 2244 270 2297 tamen
288 2256 325 2295 ea
342 2243 461 2309 mente,
493 2243 531 2296 ut
550 2233 731 2325 bucolicum
750 2234 921 2298 rideretur.
969 2234 1055 2298 Nam
1078 2258 1116 2299 ea

105 2353 217 2420 aetate,
241 2365 306 2428 qua
326 2343 485 2406 scribebat
507 2342 654 2419 Severus,
682 2354 770 2407 recto
793 2344 834 2406 de
857 2343 973 2408 litteris
991 2344 1116 2429 judicio

106 2454 286 2538 deperdit0,
319 2463 441 2516 certum
468 2462 527 2529 est,
557 2475 631 2516 cum
653 2453 788 2516 aliorum
814 2465 1010 2538 poematum,
1046 2464 1116 2517 tum

107 2562 246 2627 bucolici
257 2562 447 2647 praesertim,
463 2572 610 2625 naturam
623 2562 689 2625 fere
701 2563 880 2645 ignoratam
892 2573 926 2625 et
937 2562 1116 2645 neglectam

107 2693 189 2748 esse,
211 2672 259 2735 ita
277 2681 316 2734 ut
335 2672 404 2755 ejus
423 2671 547 2753 generis
567 2670 751 2746 haberetur,
775 2670 989 2754 quodcunque
1009 2691 1115 2753 agres-

105 2781 193 2849 tium
209 2779 260 2842 vel
278 2790 443 2863 pastorum
463 2778 502 2840 de
520 2778 615 2841 rebus
631 2779 810 2859 agrestibus
824 2777 1115 2841 confabulationem

108 2899 245 2953 teneret.
291 2887 377 2952 Eum
390 2909 528 2950 errorem
537 2887 606 2970 jam
617 2887 652 2950 in
666 2886 851 2970 Calpurnio,
871 2887 1013 2970 quamvis
1025 2888 1114 2950 haud

105 3000 287 3086 spernendo
301 3010 408 3083 poeta,
431 2997 611 3083 praesertim
623 2997 658 3060 in
673 2998 742 3081 ejus
755 2995 864 3079 ecloga
878 2995 922 3072 V,
947 2997 1113 3060 observare

108 3110 194 3186 licet,
230 3110 265 3172 in
289 3108 520 3173 recentioribus
546 3117 654 3171 autem
680 3106 859 3191 poetastris,
894 3118 933 3170 ut
956 3107 990 3170 in
1017 3107 1116 3171 Bedae

108 3221 230 3304 ecloga,
262 3230 295 3282 et
323 3220 358 3282 in
388 3218 516 3281 Metelli
540 3216 754 3299 Tegersensis,
784 3216 902 3280 saeculo
930 3214 1005 3280 XII
1042 3217 1118 3279 scri·

110 3329 227 3406 bentis,
259 3327 492 3404 Quirinalibus
530 3351 549 3389 a
579 3327 706 3390 Canisio
734 3325 838 3402 editis,
872 3325 975 3389 multo
1004 3326 1116 3409 magis.

109 3436 282 3501 Reinesius
319 3437 452 3500 titulum
481 3459 606 3500 carmen
639 3436 810 3499 bucolicum
846 3436 981 3520 probare
1016 3436 1118 3519 magis

110 3546 248 3623 videtur,
280 3568 377 3630 quam
400 3546 535 3610 alterum
563 3547 600 3609 de
627 3549 775 3610 mortibus
803 3549 901 3624 boum,
934 3570 1035 3632 quum
1057 3546 1118 3610 hoc

110 3657 269 3742 glossema
310 3679 377 3720 esse
418 3657 529 3719 insulsi
571 3656 846 3719 Grammaticastri
881 3666 985 3739 putet.
1045 3655 1118 3738 Ego

110 3776 219 3829 tamen
236 3766 322 3829 hunc
341 3776 450 3829 tenere
469 3765 572 3828 tutius
590 3765 736 3838 arbitror,
757 3765 799 3825 de
824 3786 888 3844 quo
906 3763 1023 3825 certius
1045 3784 1118 3824 con-

109 3885 186 3950 stat,
215 3876 347 3938 eveteri
368 3875 486 3959 scripto
509 3897 696 3958 expressum
717 3895 794 3935 esse.
842 3871 940 3936 Quod
962 3882 1119 3956 praeterea

112 3983 252 4047 Severus
271 3985 396 4048 deserto
417 3995 531 4060 metro,
556 3982 702 4045 carminis
721 3980 858 4044 bucolici
880 3981 1020 4064 proprio,
1045 3983 1119 4047 cho-

110 4093 301 4158 riambicum
323 4095 498 4180 usurpavit,
523 4092 557 4155 id
578 4092 742 4155 rhetorum
759 4113 846 4154 more
864 4090 975 4154 fecisse
997 4093 1119 4156 exerci-

112 4206 244 4278 tationis
269 4230 363 4271 causa
383 4207 519 4282 videtur,
544 4215 582 4268 ut
598 4203 777 4288 periculum
794 4203 913 4266 faceret
936 4205 1004 4286 ejus
1025 4204 1120 4266 metri

844 4332 865 4383 C
877 4333 894 4382 2
