2706 5040
400 547 602 614 CARMEN
626 546 915 613 BUCOLICUM.
1115 550 1154 612 31

284 782 414 846 Mollito
425 783 555 867 penitus
569 782 653 846 farra
668 783 782 846 dabam
797 782 878 846 solo:

285 916 398 1000 Largis
412 917 516 1000 putris
532 927 601 980 erat
614 916 708 1000 gleba
720 917 913 1002 liquoribus:

285 1049 396 1114 Sulcos
409 1049 567 1135 perfacilis
580 1051 660 1114 stiva
674 1051 870 1130 tetenderat;

543 1184 714 1269 Nusquam
727 1209 834 1250 vomer
848 1186 1030 1251 inhaeserat.

283 1389 400 1453 Laevus
415 1390 474 1453 bos
489 1388 597 1453 subito
610 1388 730 1455 labitur
743 1390 878 1475 impetu,
1066 1403 1069 1408 “
1092 1392 1134 1455 46

281 1525 392 1589 AEstas
407 1547 504 1610 quem
519 1525 676 1589 domitum
689 1526 812 1590 viderat
829 1526 940 1590 altera.

284 1657 423 1723 Tristem
438 1659 591 1724 continuo
606 1660 731 1744 disjugo
747 1661 926 1744 conjugem,

478 1883 491 1892 ο
542 1793 599 1856 Nil
616 1795 685 1878 jam
699 1796 773 1879 plus
787 1805 933 1860 metuens
941 1796 1032 1905 maii.

282 1999 380 2063 Dicto
396 1999 453 2063 sed
467 1999 563 2064 citius
578 2001 785 2085 consequitur
798 2023 922 2081 necem,

282 2132 416 2217 Semper
431 2134 488 2218 qui
502 2133 608 2198 fuerat
623 2156 717 2199 sanus
731 2144 765 2198 et
778 2135 918 2220 integer3
1091 2139 1134 2202 50

281 2266 373 2331 Tunc
387 2267 491 2352 longis
506 2269 653 2353 quatiens
667 2268 723 2333 ilia
735 2268 893 2353 pulsibus,

538 2401 673 2468 Victum
687 2404 836 2487 deposuit
850 2414 957 2490 capnt.

174 2604 253 2669 AEo.
281 2603 405 2690 Angor,
428 2606 611 2686 discrucior,
634 2631 768 2687 moereo,
790 2610 897 2695 lugeo.

280 2738 416 2804 Damnis
431 2740 552 2825 quippe
566 2741 642 2819 tuis,
665 2763 731 2805 non
745 2763 836 2806 secus
850 2765 887 2807 ac
900 2744 992 2820 meis,

281 2871 399 2938 Pectus
414 2872 591 2939 conficitur.
638 2874 703 2939 Sed
718 2883 826 2939 tamen
837 2877 974 2942 arbitror
1089 2879 1131 2943 55

541 3007 651 3073 Salvos
666 3030 734 3074 esse
748 3030 861 3092 greges
875 3009 946 3075 tibi.

171 3208 256 3274 Buc.
281 3209 364 3274 Hinc
379 3210 477 3275 tendo
490 3211 597 3290 miser,
617 3225 688 3296 quo
701 3234 815 3297 gravor
828 3214 942 3280 acrius.

279 3343 365 3407 Nam
381 3342 522 3408 solamen
538 3352 608 3409 erat
620 3344 672 3410 vel
686 3346 854 3412 minimum
867 3347 955 3426 mali,

279 3475 316 3541 Si
329 3477 435 3543 fetura
450 3479 540 3544 daret
552 3480 711 3565 posterior
724 3481 814 3561 mihi,

539 3615 638 3682 Quod
649 3638 791 3702 praesens
805 3620 914 3704 rapuit
927 3620 1006 3685 lues.
1087 3621 1131 3685 60

280 3818 346 3882 Sed
360 3819 432 3904 quis
446 3841 522 3884 vera
534 3831 640 3906 putet,
663 3821 849 3906 progeniem
864 3843 993 3906 quoque

279 3950 470 4018 Extinctam
482 3954 625 4039 pariter?
645 3954 711 4018 vidi
722 3975 782 4037 ego
797 3975 947 4018 cernuam

277 4084 299 4148 J
299 4087 425 4153 unicem
439 4088 612 4172 gravidam,
634 4087 699 4153 vidi
714 4086 835 4152 animas
850 4088 928 4153 duas

538 4220 613 4287 Uno
627 4221 662 4285 in
677 4243 807 4306 corpore
825 4221 976 4306 perditas.
