2706 5040
517 536 734 602 sacroru.
827 499 831 505 ⁴
1112 536 1133 596 a

125 734 280 807 tempora,
315 722 355 785 de
380 721 514 806 Aquilio
540 723 658 787 Severo
681 723 858 806 producens
881 721 1067 784 memoriam
1090 720 1131 783 ab

126 834 329 918 Hieronymo
353 833 460 896 datam
481 833 529 896 ita
551 833 727 918 scripserit:
752 831 828 896 “In
851 831 1036 895 collectione
1064 829 1131 913 epi-

126 949 147 985 “
159 953 373 1026 grammatum
393 952 426 1005 et
445 943 679 1027 poematiorum
698 952 853 1019 veterum,
889 963 963 1026 quae
987 938 1130 1003 Lutetiae

126 1052 358 1117 “Parisiorum
386 1053 505 1137 prodiit
532 1051 597 1116 An.
629 1053 712 1116 1590
735 1075 811 1116 cura
832 1051 921 1115 Petri
946 1050 1065 1114 Pithaei
1092 1047 1131 1130 (is

126 1167 148 1196 “
162 1163 248 1225 enirn
260 1172 293 1224 et
302 1163 497 1226 collectionis
511 1172 544 1225 et
554 1171 704 1226 notarum
719 1172 840 1239 auctor,
864 1161 924 1225 etsi
937 1181 1054 1224 nomen
1065 1181 1131 1222 non
1166 1240 1172 1252 ,

125 1275 147 1305 “
162 1271 333 1355 expressit)
362 1272 449 1355 legas
479 1271 634 1354 Eclogam
662 1273 850 1336 Bucolicam
875 1272 919 1334 sic
946 1269 1131 1354 inscriptam

125 1384 147 1415 “
159 1403 232 1464 pag.
257 1381 332 1444 449.
369 1382 503 1445 Carmen
525 1382 635 1445 Severi
656 1383 780 1460 Sancti,
803 1383 840 1446 a'd
859 1392 915 1459 est,
938 1379 1130 1444 Endeleiclri

125 1492 318 1570 “Rhetoris,
346 1494 386 1556 de
406 1494 555 1557 mortibus
580 1494 677 1557 boam.
725 1493 790 1556 Sed
811 1503 945 1556 annotat
967 1491 1129 1567 Pithoeus,

125 1603 259 1666 “videri
283 1602 371 1666 hunc
395 1626 444 1680 eo,
473 1604 513 1666 de
539 1626 603 1686 quo
631 1603 860 1687 Hieronymus
893 1599 1129 1686 antiquiorem”

124 1710 178 1774 Sic
206 1713 269 1774 isto
295 1711 367 1774 loco
391 1711 536 1793 Magnus
562 1711 617 1772 ille
643 1710 715 1775 Vir.
761 1711 835 1774 Jam
860 1734 935 1775 vero
963 1712 998 1774 in
1027 1711 1130 1794 capite

123 1819 226 1895 VIII,
251 1819 339 1902 quod
359 1827 408 1881 est
429 1819 468 1881 de
487 1817 600 1882 Poetis
618 1818 745 1882 Latinis
762 1820 894 1882 incertae
913 1819 1028 1896 aetatis,
1051 1840 1131 1902 quos

122 1940 232 1992 tamen
258 1928 355 1992 fuisse
376 1939 501 1992 constet
521 1939 597 1991 ante
618 1938 763 2013 tempora
779 1929 885 1992 Caroli
900 1929 1025 2012 Magni,
1047 1929 1131 1992 inter

123 2039 221 2103 “alia
246 2040 280 2102 id
308 2039 432 2123 posuit:
465 2037 714 2102 “Endoleichus
739 2039 874 2116 Rhetor,
903 2039 969 2102 sive
995 2038 1131 2102 Severus

125 2157 147 2186 “
161 2151 309 2226 Sanctus
333 2149 475 2232 eclogam
499 2148 625 2233 scripsit
648 2149 687 2212 de
711 2149 868 2212 mortibus
889 2149 1004 2212 boum:
1035 2171 1132 2232 quarn

125 2266 147 2295 “
160 2261 200 2323 ab
212 2259 287 2322 Elia
294 2258 417 2323 Vineto
428 2257 571 2321 Santone
583 2268 747 2342 acceptam
757 2258 879 2342 publici
889 2258 972 2343 juris
985 2257 1131 2321 Pithaeus

125 2374 148 2403 “
160 2368 236 2431 fecit
253 2368 287 2430 in
307 2367 544 2452 epigrammatis
568 2377 601 2429 et
620 2367 777 2450 poematis
793 2368 964 2444 veteribus,
988 2366 1130 2430 Lutetiae

125 2477 254 2540 “editis
268 2499 352 2539 anno
369 2476 536 2540 croroxc.'’
587 2477 640 2540 Ita
654 2477 781 2545 duabus
791 2480 860 2563 jam
874 2477 1131 2562 appellationibis

123 2587 263 2670 incipere
282 2586 347 2649 frui
362 2585 424 2649 hoc
446 2607 573 2649 carmen
591 2586 748 2663 audimus
773 2597 844 2651 tum
865 2586 1002 2649 Carmen
1025 2586 1133 2649 Buco-

124 2696 232 2773 licum,
255 2707 326 2759 tum
352 2695 506 2780 Eclogam
538 2695 734 2772 Bucolicam,
763 2719 806 2758 ex
833 2696 949 2778 quibus
977 2695 1132 2778 Eclogam

124 2806 325 2888 reliquerunt
346 2805 467 2888 posteri
481 2803 610 2880 Vossio,
641 2803 777 2865 Carmen
801 2803 989 2865 Bucolicum
1008 2805 1130 2887 ubique

103 2929 108 2939 ·
126 2923 317 2990 ostentatur,
339 2923 378 2978 ut
394 2913 529 2999 patebit.
576 2911 709 2996 Quippe
727 2922 760 2975 et
774 2922 869 2975 antea
888 2914 957 2997 jam
972 2923 1005 2977 et
1020 2915 1132 2977 eodem

124 3035 270 3108 tempore
296 3025 460 3109 inceperat
486 3024 605 3086 intrare
636 3023 757 3085 animos
787 3023 986 3107 quorundam
1015 3024 1131 3108 cupido

124 3134 252 3198 videndi
264 3135 382 3218 scripta
392 3134 427 3196 in
440 3133 649 3196 Bibliothecis
660 3132 805 3209 latentia,
831 3155 904 3216 quae
917 3132 968 3195 vel
982 3134 1022 3196 ad
1035 3133 1132 3196 fidem

128 3242 341 3306 Christianam
363 3243 563 3326 pertinerent
577 3240 627 3304 vel
650 3250 813 3304 auctorem
832 3240 988 3304 haberent
1009 3241 1132 3304 Christ-

125 3353 244 3429 ianum,
266 3353 302 3414 in
315 3373 418 3414 unum
433 3359 638 3434 congregata3
662 3350 697 3413 id
711 3350 798 3434 quod
812 3351 871 3413 sub
888 3349 992 3413 indice
1008 3350 1132 3414 Biblio-

126 3461 230 3524 thecae
244 3459 379 3523 Patrum
386 3460 540 3544 praestitit
550 3460 696 3545 inprimis
708 3459 911 3544 Margarinus
924 3461 963 3523 de
975 3461 1007 3524 la
1015 3461 1131 3544 Bigne,

126 3570 217 3654 cujus
236 3570 340 3653 prima
360 3569 457 3632 editio
477 3570 597 3654 prodiit
617 3592 701 3632 anno
725 3569 818 3646 1575,
843 3570 878 3632 in
896 3593 960 3654 qua
976 3592 1041 3633 non
1058 3592 1132 3632 con-

127 3678 261 3762 spicitur
288 3677 350 3741 hoc
377 3700 514 3756 carmen,
549 3678 669 3743 scilicet
693 3680 770 3762 quia
795 3680 938 3743 nondum
965 3679 1133 3742 Pithaeana

127 3787 293 3850 curiositas
329 3787 405 3851 huic
435 3789 524 3873 operi
561 3791 656 3852 istam
690 3789 858 3851 materiam
889 3798 1130 3873 praestruxerat.

129 3896 277 3961 Secunda
298 3921 373 3961 vero
398 3898 496 3961 editio
521 3898 597 3961 anni
623 3898 706 3960 1589
726 3899 795 3981 jam
815 3907 902 3960 tomo
925 3898 945 3959 8
968 3920 1041 3982 pag.
1067 3898 1131 3962 275

126 4005 209 4068 illud
217 4007 409 4089 aggregavit,
423 4007 652 4090 exemplarque
665 4005 835 4088 diligenter
846 4006 886 4069 ab
896 4006 977 4071 Viro
989 4008 1131 4071 studioso

126 4116 248 4180 lectum
271 4126 304 4180 et
325 4119 534 4181 subnotatum
556 4117 703 4179 detinent
726 4115 911 4180 Academici
932 4116 1052 4194 Plutei,
1076 4118 1132 4180 sed

127 4227 185 4288 ubi
198 4229 335 4310 pessime
351 4227 523 4293 exhibetur
535 4226 675 4291 censibus
692 4236 723 4291 et
735 4228 864 4308 referat.
912 4226 1022 4290 Tertia
1034 4227 1131 4290 editio
