2706 5040
170 545 214 606 62
439 594 442 603 .
615 561 727 604 nora.

226 724 308 776 Vens.
327 722 641 789 lld.-Crederesaffitit.]
666 722 757 773 Μόνον
774 722 886 772 πίστευε.
924 721 1007 771 Μαι-ὀἰ
1019 724 1043 771 5.
1056 723 1099 770 36.
1116 721 1182 772 Luc.

175 816 199 863 9.
217 811 335 864 50.-w.

227 989 312 1043 vais.
334 987 486 1040 rra-son
495 989 582 1056 aaa]
608 987 774 1038 nxauavam
792 987 938 1052 particum
954 987 1029 1038 orere
1047 970 1186 1038 sonnacii

176 1079 211 1138 ὥς
221 1078 296 1130 dldao
308 1078 406 1138 naillac:
431 1077 481 1128 Sed
492 1093 522 1127 es
532 1085 616 1128 tumen
630 1077 719 1128 Patres
731 1077 873 1128 Orthodoxi
886 1077 968 1128 Greci
981 1085 1008 1126 et
1020 1077 1111 1127 Latini
1123 1087 1186 1128 sunt

176 1167 230 1228 usi;
254 1182 304 1230 quo
313 1166 344 1216 de
355 1181 382 1216 re
392 1165 506 1216 videatur
515 1164 548 1215 D.
562 1164 674 1216 Lobech.
685 1164 778 1229 disput.
790 1179 836 1214 vn.
850 1163 920 1214 artic.
934 1163 1047 1226 August.
1060 1164 1185 1216 Confess.

175 1270 231 1319 pag.
245 1255 299 1304 154.
311 1263 396 1318 etseq.
409 1253 443 1304 D.
456 1253 483 1304 H
486 1261 558 1304 utter.
569 1253 684 1318 explieat.
699 1253 784 1304 Form.
799 1251 922 1304 Concord.
936 1268 960 1316 p.
971 1253 1027 1301 321.
1036 1261 1065 1302 et
1074 1268 1186 1316 seqq...

178 1342 218 1392 W.
257 1342 399 1393 Pontificiie
416 1341 538 1406 particula
555 1341 615 1392 Sola
633 1340 705 1405 spina
719 1341 746 1389 in
760 1340 848 1390 oculis.
884 1339 935 1390 Sed
951 1339 1144 1403 patrocinantur
1159 1340 1185 1390 ei

176 1429 320 1481 testimonia
335 1428 460 1480 evidentia
474 1438 501 1480 et
514 1429 593 1494 ipsius
607 1429 742 1494 Scripturas
757 1444 839 1488 eserie,
857 1436 883 1479 et
899 1427 960 1478 DD.
981 1428 1099 1486 Petrum,
1117 1443 1184 1490 quos

175 1518 249 1582 longa
263 1517 332 1568 Serie
343 1517 459 1581 producit
473 1517 513 1569 cl.
529 1517 659 1567 Zehnerus
669 1518 696 1566 in
711 1517 801 1581 Comp.
819 1516 910 1566 Theol.
924 1531 949 1579 p.
962 1516 1020 1566 474.
1034 1523 1062 1564 et
1074 1530 1185 1578 seqq.-

179 1607 205 1658 S.
251 1606 289 1657 Ut
305 1606 358 1656 voti
381 1606 418 1656 tui
437 1606 569 1666 damneris,
591 1604 689 1670 juvabit
712 1613 809 1656 tanturn
828 1604 944 1654 fiduciam
964 1604 990 1652 iu
1011 1602 1067 1667 ejus
1088 1602 1185 1654 auxilio

175 1695 445 1760 posuisse-winus.

211 1873 295 1924 Vens.
321 1871 514 1923 ll'7.·-Mndida
532 1879 568 1920 est
584 1889 630 1920 ara
647 1871 792 1936 ornandus]
824 1870 938 1920 Lactant.
960 1869 1004 1919 lib.
1027 1872 1050 1919 6.
1078 1885 1135 1935 cop.
1160 1872 1183 1920 1.

180 1961 277 2027 Templa
288 1971 311 2011 et
320 1979 378 2011 aros
388 1961 517 2012 hostiarum
527 1962 643 2026 sanquine
652 1969 782 2011 ademare.
798 1959 862 2010 Ibid.
876 1975 929 2023 cap.
942 1960 966 2008 2.
986 1958 1114 2008 Peondunt
1124 1975 1184 2008 san-

173 2051 246 2114 yrn'ne
266 2050 342 2116 effinse
363 2066 421 2100 ares
442 2049 654 2115 inquinare-W.
700 2049 758 2099 Nou
779 2050 838 2098 huic
859 2048 916 2098 Deo
935 2047 1044 2097 victimis
1065 2048 1182 2098 cruentis

176 2152 243 2187 sacra
253 2137 326 2197 fiunt,
343 2146 373 2188 ut
385 2138 442 2188 Diis
453 2137 739 2202 gentilium-Wrnus.

227 2313 311 2364 Vnus.
329 2314 471 2364 ll9.-Sed
484 2313 583 2379 simplex
594 2316 668 2364 animi
680 2314 820 2380 purificatio
830 2313 942 2379 aptatis.]
967 2311 1084 2362 Lactant.
1099 2311 1179 2360 divin.

174 2401 255 2452 instit.
272 2400 332 2465 epit.
352 2416 374 2451 c.
390 2403 414 2452 2.
456 2402 524 2462 Quid
540 2404 614 2468 ipitur
630 2403 660 2454 ad
677 2403 768 2453 lamine
786 2402 903 2452 desiderat
922 2401 1008 2460 Deos,
1027 2402 1076 2450 nisi
1092 2400 1182 2451 culum

174 2492 264 2550 mentis,
287 2491 329 2555 qni
344 2497 378 2539 est
392 2507 470 2555 purus
484 2497 506 2539 et
524 2496 639 2541 sanctus?
666 2491 732 2541 Nam
751 2490 800 2550 illo,
819 2507 872 2554 que
890 2497 933 2540 aut
950 2489 1032 2555 dipitis
1041 2487 1118 2551 fiunt,
1135 2495 1179 2537 aut

174 2587 243 2628 entra
254 2578 366 2629 hominem
378 2587 440 2638 sant,
459 2579 503 2630 loc
514 2580 658 2643 sacraficium
673 2596 752 2630 annm
763 2596 810 2629 non
821 2587 863 2638 est,
880 2596 921 2630 nea
932 2578 996 2643 qaod
1010 2595 1040 2627 ee
1051 2578 1120 2637 arod,
1136 2577 1179 2626 sed

66 2664 71 2675 '
174 2665 239 2730 quod
251 2683 281 2715 ee
295 2667 365 2716 corde
379 2669 509 2734 prrp'ertur,
526 2685 573 2717 non
588 2667 652 2735 qnod
662 2684 739 2726 monn,
756 2667 800 2716 sed
814 2666 878 2731 qnod
892 2673 965 2716 mente
981 2665 1077 2715 libatur.
1114 2664 1177 2714 Haec

115 2819 117 2823 ¹
174 2753 324 2820 acceptabilis
335 2757 429 2805 victima
436 2764 479 2815 est,
493 2772 562 2821 paam
571 2756 599 2805 de
606 2757 686 2821 seipso
695 2757 787 2805 animus
795 2755 904 2805 immolat.
933 2754 1000 2805 Nam
1009 2753 1176 2818 quidlostioe?

174 2842 234 2907 puid
243 2848 315 2893 lura?
336 2843 396 2907 quid
405 2848 495 2893 vestes?
514 2843 573 2908 qnid
582 2848 683 2893 numm?
705 2843 765 2908 qnid
774 2847 914 2908 arpentum?
933 2842 1104 2907 quidpreoiosi
1114 2841 1176 2906 lupi-

174 2928 215 2978 des
225 2931 354 2996 conserant,
370 2929 497 2980 siaolentis
506 2947 572 2995 pura
583 2947 646 2981 meris
656 2947 703 2980 non
716 2935 769 2981 ast?
792 2930 860 2982 Vide
871 2930 977 2980 eundem
992 2929 1036 2980 lib.
1051 2927 1076 2980 6.
1095 2945 1117 2980 c.
1132 2930 1171 2980 24.

175 3022 202 3064 et
216 3016 256 3065 25.
277 3015 317 3065 M.
335 3016 434 3066 Minue.
451 3017 524 3066 Felix
539 3017 629 3068 Octav.
665 3018 769 3068 Hostias
784 3026 807 3066 et
822 3019 928 3068 victimas
942 3016 1052 3067 Domino
1066 3018 1174 3083 (fferam,

174 3106 271 3169 quasin
282 3122 349 3155 usum
360 3108 405 3156 nei
412 3106 529 3171 protulit!
551 3115 577 3156 ut
587 3107 692 3173 rp'ioiaan
703 3108 725 3156 ei
735 3123 802 3156 sunm
813 3123 903 3156 manus.
916 3107 1036 3170 inpretatur
1047 3112 1098 3155 est.-
1123 3121 1174 3155 aunt

173 3194 206 3242 sit
215 3192 312 3243 litabilis
322 3194 407 3254 hostia,
424 3195 497 3246 bonus
508 3198 608 3255 animus,
625 3203 648 3246 et
663 3212 728 3261 puro
738 3213 809 3255 mens,
821 3204 844 3245 et
853 3196 945 3245 sincero
958 3196 1111 3254 conscientia,
1130 3202 1171 3244 ets.

175 3279 209 3331 D.
228 3282 366 3332 Bernhurd.
389 3284 415 3333 in
437 3283 551 3335 Sentent.
591 3284 628 3334 Ut
648 3283 709 3334 Duo
728 3283 909 3342 reconciliemur,
931 3299 973 3332 neo
991 3282 1111 3348 operibns,
1133 3298 1174 3331 nec

173 3369 256 3432 siquis,
278 3370 321 3418 sed
332 3373 439 3434 puritate
457 3380 480 3421 et
496 3371 644 3437 simplicitate
662 3371 740 3422 cordis
757 3371 894 3437 indlpemus,
913 3370 1035 3420 eto—W.
1073 3370 1171 3420 Minue.

176 3453 230 3503 Fel.
248 3469 269 3503 c.
287 3457 333 3504 32:
357 3456 470 3507 litabilis
487 3458 564 3507 hostia
580 3467 614 3508 est
629 3459 703 3509 donus
719 3461 819 3519 animus,
836 3466 858 3508 et
872 3475 937 3523 pura
955 3474 1025 3516 mens,
1044 3465 1066 3507 et
1082 3459 1173 3507 sincera

172 3543 321 3593 conscientia.
360 3543 457 3594 Similia
468 3545 524 3594 vide
535 3548 601 3610 apud
614 3547 686 3598 Lact.
703 3547 776 3611 Epit.
788 3563 809 3596 c.
821 3548 854 3598 58
865 3555 892 3598 et
902 3545 1090 3597 ‹tt-wirae.
1173 3556 1176 3560 '

223 3720 413 3774 74144121.-
442 3721 568 3790 simeron]
591 3690 733 3775 Comrnent.
751 3723 854 3775 Terent.
868 3740 892 3788 p.
910 3725 1041 3775 let-w.

201 3880 306 3952 'Vrion
330 3900 495 3951 l2·2.-Veris
509 3899 615 3966 santum
635 3899 808 3966 relipionibus.]
837 3900 952 3950 Lactant.
974 3899 1019 3950 lib.
1036 3902 1060 3950 4.
1081 3915 1134 3964 cap.
1152 3915 1168 3948 1.

175 3987 286 4036 Terrenis
298 3988 412 4038 inlroerere
422 3988 656 4054 relipionibas.-W.
692 3988 809 4053 Cyprion.
824 3990 849 4038 iu
865 3989 979 4039 Sentent.
994 3989 1084 4053 Episc.
1103 3991 1171 4039 suffr.

170 4077 209 4125 30.
229 4075 273 4124 iol.
287 4077 327 4126 47.
362 4077 467 4126 Veritate
479 4079 636 4142 manifestata,
653 4077 720 4127 cedat
731 4078 871 4126 consuetudo
884 4079 1052 4128 veritati—S.
1086 4078 1170 4127 Etiam

174 4165 263 4215 Cicero
283 4166 372 4228 plurali
392 4181 495 4216 numero
516 4166 578 4215 dixit
595 4165 698 4215 solennes
715 4164 845 4230 reliqiones,
869 4173 930 4214 orat.
950 4181 996 4228 pro
1015 4166 1074 4215 Mil.
1092 4183 1112 4214 c.
1131 4168 1169 4215 27.

174 4250 301 4301 HEUM.
347 4252 461 4302 Lactant.
488 4252 539 4308 lV,
565 4268 582 4311 1,
606 4254 633 4302 4.
665 4253 787 4302 Deorsurn
809 4260 895 4301 anantes
917 4252 1034 4303 leoninum
1056 4253 1171 4319 depresses

170 4341 267 4387 terrenis
280 4339 468 4403 utrelipionibus‚
486 4341 520 4388 sic
532 4343 599 4391 eliani
611 4341 684 4399 bortis,
703 4340 1001 4391 inhaerebant-ll'uurss.
