2706 5040
177 526 220 588 52
621 550 733 596 Nora.

228 707 313 760 Vaas.
326 709 523 761 62.-Cemuom
539 713 565 762 h.
582 712 692 763 demisso
709 713 790 776 capite
806 715 979 779 procidentem
994 717 1022 766 in
1037 725 1131 776 terram,
1149 725 1173 768 ct

177 811 252 860 supra
268 813 292 846 v.
312 799 353 856 52,
377 799 464 848 uictum
486 799 594 865 deposuit
615 809 695 866 caput.
735 800 785 852 Sic.
807 803 881 867 virg.
906 804 939 855 G.
964 804 1019 864 111,
1043 807 1105 856 524:
1137 807 1174 856 Ad
1245 856 1248 863 ,

176 892 308 950 unamque
316 886 379 950 fluit
389 886 478 937 deuexo
491 888 596 952 pondere
608 891 698 939 cervix.
734 890 843 950 Juaiceo,
860 891 944 955 inquit
959 892 1045 945 Schol.
1062 894 1173 944 Persiiad

180 972 233 1022 Sat.
255 972 292 1032 ΙΙ,
314 975 355 1033 47,
377 974 487 1025 dicuntur
507 985 590 1027 team
612 980 691 1028 αἰαιία
712 979 789 1038 boves,
812 997 865 1044 αμα
880 982 935 1046 jam
955 990 1076 1031 cesserunt
1097 981 1174 1040 vitoda

176 1059 273 1109 necdum
294 1069 370 1111 tamea
392 1063 426 1112 ad
446 1080 558 1114 αιιιιιιιαιιι
575 1067 758 1132 moqaitudinem
777 1077 942 1132 pervenerunt.
985 1070 1073 1122 Gloss.
1096 1071 1174 1129 Junis,

176 1145 294 1214 δάμαλις.
330 1147 476 1201 Becmanno
490 1152 516 1201 in
532 1152 603 1217 Orig.
620 1169 644 1217 p.
659 1155 716 1213 643,
735 1155 805 1219 quasi
819 1153 931 1219 juveni&
949 1173 1025 1207 vacca
1041 1157 1175 1223 juvenis.-

180 1239 290 1290 Waaus.

226 1391 312 1444 Vnus.
334 1393 530 1460 oa-Jum'cem]
565 1394 607 1446 Gl.
630 1396 706 1458 junio
733 1395 849 1460 δάμαλις.
882 1395 950 1459 quod
972 1396 1000 1444 in
1023 1397 1070 1447 alt.
1093 1397 1175 1455 διισιιλι,

168 1479 282 1543 juvenca,
298 1497 379 1531 vacco.
402 1481 535 1533 Onomaat.
555 1482 663 1542 Juaioes,
681 1483 795 1548 δαμάλαι
813 1483 920 1534 Zehner.
939 1485 966 1534 in
984 1485 1120 1537 Nomencl.
1137 1487 1174 1537 lib.
1215 1517 1218 1523 ·

175 1569 199 1617 4.
216 1582 269 1631 cap.
289 1568 328 1618 75.
348 1568 438 1628 reddit,
457 1569 525 1619 Eine
545 1569 627 1620 Kalbe
646 1571 706 1620 oder
723 1570 826 1621 Kalbin.
855 1571 935 1621 Siber.
957 1572 984 1621 in
1003 1573 1113 1624 Gemma
1130 1589 1176 1637 pag.

178 1655 233 1704 102.
272 1656 361 1716 Junix,
388 1656 482 1716 bucula,
512 1657 630 1723 δάμαλις,
661 1660 728 1723 βοῦς
754 1661 857 1718 ἀάατος,
886 1664 994 1723 νεαλὴς,
1023 1663 1175 1728 άτάυρωτος.

177 1743 261 1807 Junge
275 1743 341 1803 Rue,
361 1744 452 1803 Kalbe,
472 1745 558 1794 Ferse.
596 1746 700 1796 Persius
715 1746 767 1797 Sat.
783 1749 807 1797 2.
848 1747 896 1796 Tot
910 1748 953 1796 tibi
968 1748 1022 1798 edm
1038 1751 1064 1799 ιἰι
1074 1751 1177 1814 flammis

167 1834 278 1898 junicum
295 1841 387 1883 omenta
399 1833 536 1898 liquescant.
554 1834 642 1893 idest,
662 1833 718 1884 edm
734 1843 774 1885 tot
785 1833 892 1898 majores
905 1835 1023 1886 victimas
1038 1838 1133 1899 caedas3
1154 1845 1178 1886 ut

176 1921 331 1978 suntboves,
348 1921 421 1980 tauri,
435 1919 546 1984 juvenci,
563 1929 590 1971 et
600 1920 699 1986 junices
711 1922 765 1972 sive
778 1923 907 1987 δαμάλεις.
947 1924 1092 1975 Casaubon.
1108 1924 1175 1974 Balb.

179 2007 279 2060 Cathol.
299 2007 387 2066 Juais,
404 2026 420 2057 α
428 2009 539 2073 juvando
556 2008 651 2068 dicitur,
673 2017 696 2059 et
715 2017 749 2058 est
764 2009 832 2069 tom,
852 2010 916 2073 quod
929 2011 1069 2074 juvencula,
1092 2012 1176 2068 idest,

171 2094 310 2159 parochos,
325 2095 462 2144 secundum
474 2095 578 2159 Hugon.
610 2096 701 2159 Papias
710 2095 769 2146 verd
778 2096 852 2146 dicit:
871 2096 979 2156 Junices,
994 2097 1065 2148 boves
1072 2101 1175 2164 juvenc,

179 2184 313 2234 Scholiast.
334 2183 464 2234 Theocrit.
483 2184 515 2233 ad
536 2183 608 2249 Idyll.
627 2184 654 2233 id
673 2192 720 2243 est,
735 2185 806 2248 βόες,
829 2186 856 2234 αἱ
874 2185 976 2235 τέλειαι.
996 2184 1121 2251 δαμάλεις
1139 2189 1177 2236 roi

176 2291 288 2337 πορτιες,
306 2273 331 2322 αἱ
342 2273 422 2337 μήπω
438 2273 490 2322 ὑπὸ
503 2274 584 2338 ζυγὸν
595 2273 723 2333 ἐλθοῦσαι,
741 2273 804 2338 μηδὲ
823 2274 967 2338 ὀχηθεῖσαι.
986 2274 1014 2323 αἱ
1031 2274 1135 2339 πόρτιες
1152 2273 1173 2324 δὲ

176 2363 219 2410 καὶ
235 2361 272 2411 ἔτι
287 2360 452 2425 ἀτελέστεραι
471 2366 524 2411 τῶν
541 2360 684 2425 δαμάλιων.
704 2362 747 2410 ἐπὶ
766 2361 791 2410 δὲ
811 2365 865 2412 τῶν
885 2360 1011 2426 ἁρῤένων,
1036 2362 1132 2427 μόσχοι
1148 2363 1175 2411 τὰ

175 2449 279 2514 νεογνὰ,
297 2451 340 2497 roi
356 2451 388 2498 sd
404 2448 456 2498 ὑπὸ
472 2452 530 2506 ταῖς
544 2448 676 2514 μητράσιν
688 2449 732 2499 ἔτι.
751 2452 840 2515 ταῦροι
854 2449 888 2508 δὲ,
906 2448 930 2498 δι
946 2449 1047 2499 τέλειοι.
1086 2449 1173 2500 Weita.

177 2536 208 2586 L.
225 2535 340 2586 Annaeua
355 2536 483 2587 Cornutus
494 2536 525 2585 ad
539 2536 611 2586 Pers.
628 2537 680 2586 Sat.
694 2538 718 2586 2.
737 2537 845 2597 Junioec,
862 2537 954 2601 inquit,
971 2538 1086 2588 diountm
1097 2547 1173 2589 tenera

175 2627 252 2675 aetctrssr
266 2624 343 2683 bocer,
360 2642 413 2688 quo
421 2627 475 2688 jam
488 2633 607 2674 amount
619 2623 707 2683 uitalia
724 2625 820 2674 necdum
832 2633 908 2675 tamen
920 2625 954 2674 od
966 2642 1080 2676 summam
1091 2628 1174 2692 moqai·

175 2713 277 2762 tudinem
294 2712 526 2778 pervenerunt-S.
562 2713 676 2778 Animos]
703 2711 800 2771 Animo,
825 2729 871 2777 pro
888 2711 940 2763 vita
959 2713 1100 2774 brutorum,
1125 2731 1174 2778 qus

175 2802 251 2852 simul
266 2819 323 2852 cum
339 2802 402 2866 ipsis
420 2801 547 2851 evanescit
563 2809 589 2851 et
603 2801 630 2850 in
645 2799 751 2850 nihilum
768 2801 841 2851 redit.
878 2799 952 2850 Alias
967 2802 1095 2853 neminem
1110 2804 1174 2860 latet,

175 2892 266 2956 ψυχῆς
284 2889 432 2940 vocabulum
452 2888 478 2936 in
498 2888 610 2952 profanis
629 2888 754 2951 sacrisque
773 2888 844 2938 libris
862 2904 908 2952 pro
924 2888 977 2938 vita
994 2892 1115 2954 usurpari,
1136 2899 1175 2939 aut

175 2978 250 3027 etiam
261 2994 307 3041 pro
319 2978 374 3028 totd
385 2976 494 3034 homino,
530 2975 598 3029 Vide
612 2975 643 3024 P.
659 2975 768 3025 Fabium
780 2977 804 3025 3.
823 2976 929 3026 Semest.
943 2991 964 3024 c.
979 2977 1004 3024 4.
1022 2993 1079 3041 pag.
1090 2980 1130 3028 63.
1147 2978 1175 3027 ad

176 3067 336 3130 Marg.-W.
371 3066 474 3114 Animos
491 3064 552 3113 duos
571 3081 617 3112 uno
637 3065 662 3112 ιἰι
681 3065 800 3129 corpora]
835 3063 930 3112 Eadem
950 3063 1036 3127 phrasi
1059 3066 1134 3116 Ovid.
1153 3069 1174 3123 4,

177 3155 247 3205 Fast.
261 3157 318 3205 666.
351 3152 450 3217 Detque
461 3154 538 3202 sacris
553 3153 645 3200 animas
658 3168 707 3200 uno
718 3154 824 3217 juvenca
838 3152 986 3201 duaa-W.
1022 3155 1119 3204 Animo
1133 3170 1175 3218 pro

173 3243 225 3292 vita
233 3243 371 3292 brutorum.
403 3241 500 3291 Eadem
512 3238 596 3303 phrasi
607 3238 686 3288 utitur
699 3238 773 3289 Ovid.
790 3239 860 3289 Fast.
874 3239 925 3296 IV,
941 3240 998 3298 666,
1014 3241 1046 3290 de
1058 3242 1176 3291 sacrificio

174 3332 281 3396 gravidae
290 3331 374 3381 bovis:
399 3330 453 3381 Det
463 3331 540 3379 sooria
551 3331 644 3378 animos
654 3346 702 3378 uno
714 3337 798 3379 necata
809 3328 1030 3378 duaa-WEaNs·

225 3489 310 3541 Vsus.
329 3487 523 3538 65.-Imitatur
547 3488 588 3538 hic
614 3488 750 3554 Virgilium
775 3489 867 3552 Georg.
896 3488 950 3547 ΙΙΙ,
979 3487 1041 3540 496:
1078 3488 1176 3538 Labitur

172 3575 256 3643 ofilio
270 3575 401 3624 studiorum
415 3582 486 3638 atque
502 3577 618 3626 immemor
632 3577 708 3627 ierbae
726 3578 809 3628 Victor
825 3594 906 3641 equus,
916 3578 1045 3642 fontesquo
1055 3579 1176 3635 avertitur,

172 3673 194 3716 ct
205 3664 266 3731 pede
277 3672 362 3713 terram
376 3661 466 3712 Crebro
474 3664 693 3728 ferit-Wuaus.

223 3818 309 3870 Vaus.
321 3816 520 3868 66.—Succiduo
533 3815 646 3882 popilio]
679 3816 755 3867 Ovid.
774 3818 812 3866 lo.
832 3815 939 3865 Metam.
958 3832 982 3863 v.
997 3816 1054 3867 447.
1090 3817 1128 3865 At
1145 3816 1179 3865 illi

167 3907 259 3971 poplite
277 3907 388 3955 succiduo
404 3923 482 3971 qenuo
499 3905 723 3954 intremissa-W.
760 3905 888 3962 Succiduo,
909 3904 1016 3964 labante,
1034 3905 1174 3954 vacillante.

174 3993 249 4043 Ovid.
267 3993 332 4041 Met.
351 3993 387 4050 X,
404 3996 465 4042 4582
492 3991 593 4056 Poplite
601 3992 711 4041 succiduo
721 4009 799 4056 μιηιια
811 3993 956 4040 intremuere.
991 3992 1079 4042 Claud.
1098 3992 1176 4056 Rapt.

173 4080 246 4129 Pros.
261 4080 313 4137 ΙΙΙ,
333 4080 391 4128 153;
420 4080 536 4129 Succidui
546 4080 648 4129 titubant
656 4080 909 4142 arccana-Wraua

221 4232 306 4283 Varis.
319 4230 451 4281 (ta-Lea·
466 4231 593 4296 comperda]
629 4223 737 4280 Nonnus
749 4232 774 4280 in
788 4232 878 4282 Johan.
895 4249 916 4280 c.
930 4234 954 4281 4.
972 4249 995 4281 v.
1009 4235 1067 4283 233.
1086 4236 1178 4299 νωθρὰ
