2706 5040
174 531 213 594 16
537 524 602 588 DE
627 522 813 587 SEVERO

171 715 226 777 sed
245 714 342 776 etiam
360 712 416 794 qui
434 711 509 774 data
530 733 626 794 opera
645 710 740 773 daeo
758 719 900 792 agerent,
925 719 1098 773 auctorem
1121 709 1189 773 En·

171 821 350 886 delechium
366 820 604 904 profiterentur.
651 818 707 882 Ad
723 819 800 882 istos
815 818 974 882 referendi
990 817 1187 883 Sirmondus

171 931 193 994 l.
211 953 239 994 c.
286 930 405 993 Savaro
420 929 461 992 ad
477 929 586 992 Sidon.
602 927 711 1013 Apoll.
726 927 782 990 lib.
800 927 849 1003 ΙΙ,
873 928 967 1010 epist.
983 929 1018 1003 2,
1043 937 1079 990 et
1096 928 1184 1004 XII,

172 1041 205 1116 3,
229 1039 419 1126 Eosweidus
434 1039 479 1102 ad
490 1037 616 1101 Paulin.
642 1036 664 1100 l.
681 1058 709 1099 c.
726 1037 768 1099 ad
782 1037 842 1100 hos
857 1035 958 1100 Gerh.
977 1037 1027 1100 10.
1045 1036 1185 1101 Vossius

172 1151 207 1212 in
234 1173 330 1234 opere
354 1150 393 1212 de
419 1149 523 1233 poetis
552 1147 625 1210 Lat.
656 1145 795 1209 Thomas
819 1145 992 1209 Reinesius
1021 1146 1044 1211 l.
1073 1170 1104 1212 c.
1135 1148 1181 1212 Io.

172 1258 335 1322 Weitzius
357 1267 390 1320 et
413 1257 467 1320 alii
495 1257 551 1341 qui
578 1278 705 1319 carmen
728 1254 808 1318 illud
831 1255 990 1319 edendum
1014 1256 1181 1321 curdrunt.

174 1368 379 1451 Quamquam
399 1389 458 1428 nec
482 1365 684 1428 diffitendum
707 1374 766 1441 est,
797 1387 991 1448 anonymum
1015 1377 1183 1431 auctorem

173 1476 322 1539 editionis
360 1474 668 1556 Lugduno·Batavae
702 1475 795 1550 1715,
835 1474 870 1536 in
906 1474 1112 1558 praefatione,
1150 1487 1184 1540 et

173 1585 291 1648 Christ.
305 1583 579 1667 Schoettgenium,
590 1583 665 1648 Vol.
676 1582 728 1647 VI
743 1582 956 1646 Bibliothecae
965 1582 1041 1647 Lat.
1053 1584 1180 1649 Fabric.

171 1717 204 1778 p.
219 1694 294 1771 470,
312 1693 499 1757 haesitanter
511 1693 550 1756 de
564 1703 692 1756 auctore
704 1692 803 1776 loqui,
821 1703 854 1754 et
866 1692 1023 1770 dubitare,
1041 1717 1085 1757 an
1098 1695 1182 1759 forte

172 1802 279 1888 plures
310 1827 347 1868 eo
381 1804 509 1866 nomine
545 1801 696 1886 appellati
731 1823 898 1886 perperam
933 1825 993 1886 pro
1021 1826 1090 1868 uno
1118 1806 1182 1870 sint

174 1915 311 1981 habiti*

238 2027 291 2090 De
319 2036 449 2091 auctore
478 2026 578 2108 igitur
607 2023 763 2099 carminis,
798 2022 914 2087 Severo
942 2022 1075 2101 Sancto,
1107 2048 1181 2110 quae

172 2145 330 2219 praeterea
345 2135 407 2197 dici
424 2135 547 2218 possint
561 2132 783 2210 verisimiliter,
806 2154 871 2195 non
885 2132 1001 2210 habeo,
1023 2133 1088 2197 nisi
1106 2158 1181 2199 eum

172 2243 270 2306 fuisse
287 2241 442 2305 Sanctum
456 2243 632 2325 opinemur,
656 2242 696 2304 ad
709 2264 815 2325 quem,
837 2265 966 2326 unaque
981 2241 1181 2322 Amandum,
1259 2290 1262 2304 .

173 2351 291 2432 scripta
311 2359 359 2412 est
389 2349 517 2412 Paulini
540 2350 675 2433 epistola
699 2349 837 2415 XXVI.
884 2350 1072 2416 Amandum
1095 2355 1182 2418 enim

174 2458 324 2543 quoniam
333 2457 441 2521 fenmt
452 2459 585 2541 posthac
596 2461 780 2544 episcopatu
790 2460 1019 2544 Burdegalensi
1031 2462 1182 2529 functum

174 2590 253 2644 esse,
275 2567 349 2630 hinc
365 2566 504 2650 colligas,
533 2567 687 2631 Sanctum
704 2593 777 2634 cum
789 2570 938 2635 Amando
958 2573 1078 2637 vixisse
1097 2576 1181 2640 Bur-

174 2677 307 2760 degalae,
331 2689 374 2755 et,
399 2679 513 2743 sivero
529 2679 559 2741 ei
574 2679 710 2743 rhetoris
728 2681 867 2764 elogium
885 2682 1000 2746 tribuit
1013 2683 1180 2769 inscriptio

174 2789 332 2866 carminis,
355 2789 401 2853 ibi
426 2789 637 2853 Grammatici
657 2789 708 2854 vel
729 2790 882 2854 Rhetoris
905 2791 1009 2855 officio
1029 2793 1179 2858 functum

173 2921 258 2962 esse:
291 2900 378 2983 quod
405 2901 511 2984 ipsum
537 2900 635 2964 etiarn
661 2901 806 2963 carminis
834 2902 873 2964 de
897 2903 1054 2966 mortibus
1079 2905 1180 2969 boum

174 3019 398 3089 argumentum
420 3020 453 3072 et
478 3010 654 3072 oeconomia
673 3009 790 3093 prodit,
814 3011 1073 3094 quandoquidem
1091 3014 1179 3078 vide·

174 3127 228 3182 tur
242 3119 276 3180 in
291 3121 480 3204 exponenda
493 3120 547 3184 lue
558 3121 777 3205 jumentorum
790 3119 913 3183 illustre
927 3122 1118 3186 narrationis
1130 3124 1181 3188 vel

174 3230 395 3313 descriptionis
419 3231 612 3314 exemplum,
642 3229 823 3294 Rhetorum
843 3253 930 3293 more
952 3241 986 3294 et
1007 3235 1180 3298 exercendi

173 3339 295 3421 ingenii
311 3339 424 3420 gratia,
450 3362 648 3422 componere,
673 3363 774 3423 eoque
792 3350 936 3404 veterum
955 3341 1181 3407 historicorum

175 3456 208 3510 et
228 3455 396 3531 poetarum
415 3446 500 3508 locos
520 3447 639 3510 imitari
658 3449 804 3514 voluisse.
849 3451 906 3514 Ex
927 3453 1038 3516 eadem
1054 3454 1180 3519 ratione

173 3555 261 3618 haud
286 3564 406 3616 temere
433 3554 591 3639 conjicias,
626 3560 816 3640 pertinuisse
842 3561 928 3624 hunc
956 3562 1111 3627 Sanctum
1138 3566 1181 3628 ad

175 3675 325 3751 cognatos
341 3675 374 3728 et
391 3664 501 3729 affines
520 3665 658 3731 Ausonii
674 3681 792 3752 poetae,
817 3694 954 3754 quorum
969 3674 1078 3757 plures
1095 3676 1181 3740 vive-

173 3781 253 3844 bant
264 3780 298 3842 in
312 3778 499 3862 Aquitania,
523 3790 556 3842 et
567 3778 699 3842 fortasse
711 3780 813 3844 filium
829 3782 927 3845 fuisse
940 3783 1041 3847 Flavii
1056 3786 1179 3866 Sancti,

175 3913 271 3973 quem
300 3890 466 3954 Ausonius
496 3891 530 3953 in
560 3889 719 3954 Parental.
747 3915 779 3955 n.
809 3892 938 3956 XVIII
966 3905 999 3957 et
1021 3894 1116 3959 XIX
1139 3908 1181 3962 ut

225 4074 238 4100 *
252 4068 302 4117 Th.
319 4069 454 4118 Reinesius
469 4071 496 4118 in
514 4071 600 4135 Epist.
617 4071 704 4125 LXV
715 4072 746 4121 ad
764 4071 915 4123 Daumium:
939 4073 1026 4123 Severi
1038 4073 1181 4125 Endelcichi

174 4154 272 4205 (etatem,
290 4148 402 4196 incertam
420 4148 513 4207 Vossio,
523 4152 577 4214 feci
587 4152 741 4201 certissimam
757 4153 782 4201 in
800 4151 850 4216 Ep.
865 4152 899 4201 ad
915 4152 1047 4213 Weitzium‚
1065 4155 1108 4217 qui
1126 4172 1180 4204 eam

174 4227 280 4277 secunde
292 4225 389 4276 editioni
401 4243 450 4276 sua
462 4231 655 4294 accusarusfait.
