2706 5040
251 539 294 600 64
694 557 807 600 norm.

306 719 388 772 Vnus.
412 719 606 771 128.-Numinu
623 720 760 785 noscimus]
788 719 843 768 Prae
860 720 953 770 altero:
978 719 1075 769 Numen
1092 723 1263 785 apnoseimus:

252 807 406 858 tolerandum
428 807 601 873 potius-W.
643 808 765 867 Pithoeus,
793 808 864 871 quasi
885 824 931 873 pro
954 810 1137 868 emendatione,
1167 810 1196 858 in
1219 826 1265 860 ora

252 895 338 960 posuit
348 897 444 946 numina
454 898 578 956 noscimus,
595 896 671 959 idque
682 897 709 945 in
721 904 816 947 textum
829 897 930 948 admisit
941 898 1072 948 Weitzius.
1110 898 1164 949 Sed
1176 917 1265 949 numen

252 984 399 1048 aquoscimue
414 983 572 1034 scribendum
589 991 661 1048 putat
675 984 819 1035 Outhovius
834 985 866 1034 ad
876 1001 950 1034 carm.
973 985 1030 1036 Sev.
1047 986 1143 1046 Sancti,
1161 1004 1188 1051 p.
1202 989 1263 1046 846,

251 1078 278 1120 et
291 1086 338 1120 nos
353 1071 380 1120 id
394 1071 485 1122 merito
497 1071 646 1131 retinemus,¹
659 1087 799 1135 quanquam
814 1088 861 1122 nec
874 1074 939 1122 male
950 1072 1059 1138 conjecit
1073 1074 1221 1134 Vonekius,
1241 1076 1261 1124 l.

253 1175 286 1218 a,
303 1159 435 1223 legendum
448 1176 503 1210 esse
519 1160 611 1211 Christi
621 1168 643 1210 et
654 1162 750 1210 numina
758 1163 885 1226 poscimus,
903 1162 1029 1225 quomodo
1040 1162 1175 1226 Virgilius,
1196 1163 1262 1212 AEn.

254 1246 306 1308 IV,
322 1249 363 1307 50,
386 1247 425 1298 Tu
438 1248 505 1298 modo
517 1248 671 1313 poeeeDeas
682 1248 928 1300 veniam-Writers.

303 1426 389 1479 Vens.
405 1425 530 1476 len-Er
540 1443 575 1475 me
586 1425 690 1476 camillis
698 1427 794 1492 juapite
805 1427 951 1493 prosperis]
973 1425 1032 1477 Hoc
1043 1434 1091 1485 est,
1107 1427 1179 1490 quod
1194 1427 1261 1479 Cato

250 1514 294 1564 ille
311 1513 471 1578 precipiebat
487 1521 569 1567 catus:
596 1513 657 1564 Oum
672 1513 739 1564 bonu
755 1513 856 1564 ambula.
894 1513 964 1563 Hinc
980 1513 1014 1563 D.
1033 1513 1155 1565 Ambros.
1173 1514 1219 1565 lib.
1231 1517 1257 1565 2.

252 1605 283 1654 de
294 1612 376 1655 vocat.
389 1602 501 1667 gentium
513 1619 566 1667 cap.
582 1603 620 1653 10.
634 1610 759 1653 extremo:
780 1601 851 1652 Dum
862 1604 887 1652 in
898 1601 942 1651 loc
952 1604 1157 1667 corporeviuitur,
1171 1603 1262 1652 nullius

252 1699 286 1741 est
300 1690 437 1757 neplipenda
448 1691 568 1749 correctio,
585 1688 671 1740 nullius
682 1698 717 1739 est
729 1689 877 1755 desperanda
892 1689 1101 1754 reparatio.-W.
1139 1690 1220 1739 Zach.
1232 1693 1257 1741 8.

250 1781 291 1829 22.
323 1778 416 1830 Vadam
434 1780 503 1828 etiam
522 1777 635 1843 epo-S.
673 1777 716 1828 Sic
734 1776 919 1826 rescribendum
939 1784 1111 1826 autumamus:
1143 1777 1205 1828 Stat
1224 1795 1261 1828 me

251 1866 354 1918 consiliis
362 1868 465 1932 jurmero
477 1867 608 1930 prosperis.
646 1864 712 1924 Stat,
728 1865 777 1915 hoc
792 1873 839 1925 est,
856 1865 961 1915 firmiter
975 1865 1087 1915 decrevi:
1113 1883 1165 1929 quo
1181 1883 1261 1917 sensu

251 1970 282 2006 ea
292 1972 341 2007 vox
352 1962 484 2019 usurpatur
495 1971 510 2004 a
523 1954 654 2014 Cicerone,
673 1955 775 2019 Nepote
786 1963 813 2005 et
826 1954 944 2018 Virgilio.
961 1955 1016 2004 HE
1022 1955 1244 2006 UM.-anrs.

303 2132 388 2183 Vnus.
403 2131 597 2197 131.-Perpete
610 2131 694 2181 saculi
707 2133 732 2181 h.
745 2147 767 2181 e.
785 2131 836 2181 vita
847 2141 946 2183 aeterna.
981 2132 1080 2182 Minue.
1098 2133 1153 2182 Fel.
1177 2149 1200 2182 c.
1221 2149 1255 2184 11:

252 2219 358 2270 Beatam
376 2219 429 2278 sibi,
449 2227 475 2269 ut
493 2219 567 2278 bonis,
590 2228 613 2268 et
627 2228 746 2285 perpetem
764 2222 836 2270 vitam
854 2222 952 2270 mortuis
967 2220 1114 2287 pollicentur.
1145 2222 1255 2274 Festus:

252 2308 376 2372 Perpetem
384 2323 432 2372 pro
438 2314 555 2371 perpetuo
566 2307 678 2357 dixerunt
683 2309 917 2397 poetoe.7Wnnus.

301 2481 685 2550 Vras.1an-Vamorerda.]
702 2484 787 2544 idest,
805 2484 915 2535 morbus.
953 2485 1122 2550 Periphrasis:
1147 2486 1257 2537 alterum

252 2572 435 2624 substantivum
451 2577 607 2635 permutatur
618 2570 749 2636 adjectivo.
771 2573 873 2625 Lucret.
883 2574 927 2625 lib.
941 2577 964 2626 6.
982 2591 1046 2625 vers.
1063 2577 1133 2626 1090.
1169 2609 1205 2619 -
1215 2585 1258 2627 aut

251 2663 313 2713 unde
320 2669 414 2727 repente
421 2660 574 2726 Mortiferam
582 2663 660 2725 possit
667 2661 753 2711 cladem
762 2664 867 2726 conflare
877 2671 957 2714 coorta
965 2662 1081 2713 Morbida
1090 2666 1127 2714 vis
1137 2664 1259 2714 lominum

249 2751 338 2818 perrari,
358 2749 519 2814 pecudumque
538 2751 646 2799 catervis.
673 2749 768 2799 ibidem
787 2765 851 2800 vers.
873 2752 943 2802 1152.
977 2750 1094 2800 Morbida
1112 2752 1149 2801 vis
1169 2753 1196 2801 in
1215 2769 1256 2802 cor

250 2838 602 2901 moeetumconfluaerataeprm.
640 2836 678 2887 Et
688 2853 752 2886 vers.
768 2839 838 2887 1224.
871 2838 1037 2911 Eatarquebat
1051 2840 1112 2888 emim
1128 2840 1204 2888 uitam
1219 2840 1257 2888 aar

249 2927 356 2977 morbida
372 2925 486 2996 membris.
521 2924 561 2974 Ita
576 2925 641 2988 apud
658 2925 764 2974 eundem
781 2927 818 2975 vis
826 2927 950 2989 flammea,
967 2942 1012 2991 pro
1023 2926 1124 2976 flamma
1139 2928 1252 2990 ponitur.

254 3015 344 3064 Horat.
359 3029 376 3062 1.
391 3028 466 3062 carm.
480 3014 503 3062 5.
521 3012 639 3077 Perrupit
648 3013 784 3063 Acheronta
793 3013 925 3064 Herculeus
936 3015 1009 3074 labor,
1021 3015 1103 3074 idest,
1117 3014 1252 3064 Hercules.

253 3103 295 3153 Sic
310 3100 391 3153 Graeci
408 3101 473 3164 βίην
492 3099 632 3165 ἡρακλείην
647 3109 673 3151 et
689 3101 748 3162 Βίην
760 3103 902 3167 Ἴφικλείην
918 3118 964 3167 pro
982 3102 1093 3152 Hercule
1108 3110 1135 3152 et
1154 3102 1254 3166 Iphiclo

250 3191 344 3240 dicunt.
359 3187 455 3240 Confer
468 3187 621 3239 Rittershuf.
636 3204 653 3238 1.
675 3189 788 3239 Halieut.
803 3189 913 3254 Oppian.
923 3206 947 3240 v.
961 3191 1014 3240 105.
1032 3189 1160 3242 Vechner.
1174 3189 1254 3238 helle-

249 3279 331 3330 nolex.
343 3279 367 3326 2.
379 3293 404 3341 p.
418 3278 474 3326 224.
507 3275 545 3327 Et
554 3277 608 3326 haec
617 3285 683 3337 sunt,
696 3294 750 3341 quoe
758 3278 789 3327 ad
798 3279 1009 3342 elegantissimum
1017 3280 1066 3329 hoc
1078 3279 1141 3328 mihi
1152 3294 1252 3328 carmen

249 3364 380 3415 observare
397 3372 423 3412 et
438 3371 555 3413 annotare
571 3364 656 3426 licuit;
679 3381 731 3416 non
745 3365 789 3416 illa
802 3367 902 3429 quidem
918 3367 945 3416 in
961 3366 1085 3416 mercibus
1099 3367 1253 3416 numeranda

251 3450 353 3508 Indicis,
373 3456 418 3498 aut
433 3449 546 3511 gemmis,
564 3451 608 3499 aed
623 3451 753 3503 littoralib.
774 3454 876 3503 calculis
893 3462 936 3505 aut
950 3454 1012 3518 algis
1028 3453 1124 3504 viliora.
1161 3454 1251 3516 Itaque

248 3537 345 3587 nullum
365 3551 464 3599 quoque
483 3536 534 3585 illis
554 3538 666 3600 precium
689 3547 781 3601 statuo,
804 3542 850 3592 sed
868 3543 932 3592 hanc
951 3541 1030 3593 veluti
1049 3542 1141 3607 stipem
1161 3557 1250 3606 spargo

250 3624 462 3692 publicam-W.
491 3625 536 3677 Vis
547 3625 652 3677 morbida
663 3645 709 3692 pro
720 3629 817 3692 morbo,
834 3638 863 3681 ut
874 3646 949 3695 supra
959 3647 982 3681 v.
990 3633 1029 3681 ’89
1037 3632 1121 3696 satum
1131 3631 1195 3680 necis
1205 3644 1250 3694 pro

248 3718 303 3782 ipsa
317 3725 406 3768 morte.
442 3717 589 3782 Aliquoties
598 3719 645 3768 hac
657 3719 738 3770 forma
748 3721 828 3771 utitur
841 3720 983 3780 Lueretius,
1000 3729 1030 3772 ut
1039 3722 1083 3772 lib.
1102 3721 1152 3781 VI,
1172 3721 1247 3770 1224:

249 3807 416 3873 Extorquedat
426 3809 486 3858 euim
496 3809 569 3859 vitam
581 3810 617 3859 vis
628 3809 733 3860 morbida
744 3809 1007 3860 membris.-Wrruns.
