2706 5040
163 542 206 603 60
607 560 719 604 norm.

163 722 273 785 despicio
295 721 372 771 adbuc
393 721 452 771 vicit
473 721 523 772 lsoec
540 723 624 786 pestis.
661 719 824 784 (Antonius)
850 720 954 769 Terent.
977 719 1126 782 Ademit,
1144 733 1159 766 1.

164 811 289 861 Pernicies
299 812 425 860 communis
437 809 623 869 adolescentiam,
636 811 757 874 murus,
767 810 850 874 pestis.
868 807 951 860 Cicer.
965 823 1011 872 pro
1023 807 1097 857 domo
1107 821 1157 855 sua:

164 898 247 948 Pestis
265 897 368 963 Reipab.
389 897 441 947 Pro
463 897 549 948 Rabir.
570 898 647 962 pestis
662 897 774 947 civitatis.
797 896 849 946 Pro
870 894 963 954 Sestio,
978 895 1055 960 pestus
1070 895 1158 958 patrio.

167 988 270 1038 Pestem
290 986 365 1037 etiam
383 1002 429 1050 pro
448 1002 521 1050 poena
540 985 674 1050 accipiunt.
699 986 723 1035 6.
751 967 855 1034 AEncid.
888 982 943 1033 Nec
958 982 1076 1048 fisnditrla
1093 997 1164 1030 omres

165 1092 283 1141 corporee
302 1074 416 1124 excedunt
432 1080 517 1138 pestes.
537 1072 573 1123 ait
592 1072 658 1122 enim
678 1087 721 1122 cor
738 1071 846 1121 exerceri
866 1070 956 1134 poenis.
979 1070 1091 1133 Schopp.
1112 1068 1162 1118 Iud.

170 1164 350 1228 Priapeiorum.
364 1161 445 1212 Boch.
458 1162 490 1211 ad
504 1161 571 1210 Psal.
585 1161 681 1210 1.-W.

218 1340 303 1393 Vaas.
320 1337 552 1402 103.-Pecudum.]
575 1336 688 1386 Homero
701 1337 780 1394 πόκος
791 1336 848 1385 lana
858 1334 916 1385 fuit.
930 1335 997 1384 unde
1009 1334 1134 1398 hodieque
1143 1334 1169 1382 in

167 1425 291 1490 aliquibus
306 1425 384 1476 Italiae
394 1425 457 1474 locis
472 1442 557 1491 poccm
569 1433 663 1474 certum
678 1424 740 1473 lanae
754 1424 852 1487 pondus
866 1424 950 1473 vocari
964 1424 1045 1473 aiunt.
1063 1421 1078 1470 d
1096 1424 1169 1473 πείσω

169 1531 214 1564 seu
230 1514 298 1565 niso
313 1522 396 1577 pecto,
420 1514 538 1564 carmino.
558 1512 635 1572 πὲκος
652 1521 678 1562 et
698 1511 793 1571 πὲσκος
810 1513 847 1571 τὸ,
870 1511 961 1561 vellus.
981 1511 1169 1577 inrepentes,

169 1604 237 1668 quod
253 1603 424 1662 tonderentur,
443 1602 556 1661 πεεάδες.
573 1602 630 1652 vide
644 1601 736 1666 Scalig.
750 1602 781 1651 dc
793 1601 877 1651 Latin.
891 1600 953 1664 ling.
969 1616 1023 1664 cap.
1037 1601 1080 1650 29.
1094 1608 1120 1650 et
1129 1598 1171 1649 lib.

169 1710 187 1744 1.
206 1699 273 1758 poe't.
288 1710 309 1742 c.
324 1695 360 1744 10.
374 1702 400 1743 et
414 1695 451 1745 17.
471 1701 497 1742 et
510 1691 614 1756 Joseph.
629 1690 709 1740 lilium
721 1690 747 1738 in
763 1687 909 1752 Conjectan.
924 1689 956 1738 ad
970 1689 1157 1761 Varron-VJ.

221 1871 306 1922 Voss.
325 1868 616 1920 lO6.-Accommodatc
633 1868 681 1918 hoc
698 1867 760 1917 dicit
778 1875 831 1917 tum
847 1865 959 1916 moribus
975 1873 1114 1930 pastorum,
1132 1866 1175 1930 qui

170 1960 234 2022 agris
245 1958 346 2017 assueti,
370 1974 424 2021 quoe
435 1956 461 2005 in
479 1955 582 2006 urbibus
600 1955 669 2014 fiant,
687 1963 784 2006 tantum
806 1954 882 2004 fando
903 1954 1017 2013 audiunt,
1042 1961 1098 2004 tum
1117 1969 1175 2004 vero

170 2045 297 2110 religionis
310 2044 465 2103 Christiana,
479 2044 587 2106 quitum
600 2051 658 2100 erat,
675 2043 759 2094 statui.
792 2042 858 2092 Nam
870 2042 1018 2093 Theodosio
1026 2042 1175 2106 imperante,

172 2135 273 2194 eversis,
286 2151 340 2198 quae
348 2134 374 2183 in
381 2134 485 2183 urbibus
497 2140 574 2192 erant,
590 2132 692 2196 templis
701 2132 812 2192 deorum,
821 2132 898 2182 autin
910 2132 1030 2182 ecclesias
1039 2133 1177 2191 conversis,

170 2225 273 2274 deorum
286 2223 395 2273 cultores
406 2223 476 2286 pagis
487 2229 584 2272 tantum
596 2220 795 2280 continebantur,
812 2220 839 2270 in
850 2221 953 2271 urbibus
964 2221 1034 2272 solus
1046 2223 1176 2273 colebatur

174 2310 299 2362 Christus.
336 2308 405 2358 Hinc
416 2309 504 2373 religio
518 2325 612 2372 pagana
623 2308 671 2358 dici
685 2309 768 2372 coepit,
786 2317 812 2359 et
824 2326 891 2375 papo
902 2309 1001 2368 deditos,
1016 2327 1084 2376 popo
1100 2310 1176 2376 impli-

171 2399 230 2447 citos
246 2395 353 2459 gentiles
368 2404 441 2445 vocat
461 2395 582 2446 Prudent.
601 2396 627 2444 in
650 2396 775 2456 Romano,
794 2398 851 2456 296,
871 2404 898 2447 et
912 2395 940 2445 in
959 2397 1054 2461 Symm.
1076 2397 1098 2457 I,
1118 2399 1174 2448 620.

175 2484 236 2536 Vid.
252 2482 355 2532 Herald.
368 2483 399 2532 ad
410 2483 508 2533 Amob.
522 2483 565 2533 lib.
583 2484 603 2543 I,
621 2502 645 2548 p.
657 2487 682 2544 3,
700 2493 726 2535 et
739 2485 893 2535 Rittershus.
908 2485 939 2534 ad
950 2485 1060 2535 Salvian.
1075 2486 1107 2536 de
1118 2485 1175 2550 gub.

174 2572 224 2622 Dei
235 2572 277 2623 lib.
297 2572 346 2632 VI,
364 2589 389 2636 p.
402 2572 607 2622 565.-Waans.

224 2749 309 2802 Vnus.
326 2749 535 2810 107.-Obm'stas,
551 2749 628 2816 glorio
639 2750 776 2818 Numinis]
801 2751 952 2802 Desumtum
964 2752 1132 2816 proculdubio
1143 2768 1176 2803 ex

176 2837 288 2888 Ebraeor.
299 2852 317 2887 1.
331 2853 355 2887 v.
366 2839 390 2887 3.
402 2854 451 2902 quo
462 2839 519 2888 loco
532 2838 647 2890 Christus
660 2833 824 2905 &sosipatrus
836 2845 884 2902 τῆς
896 2840 972 2902 δόξης
983 2845 1027 2891 καὶ
1039 2845 1176 2908 χαρακτὴρ

174 2931 223 2987 τῆς
234 2927 401 2984 ὑποστάσεως
411 2928 473 2976 θεοῦ
485 2926 634 2977 nominatur.
652 2928 720 2985 Δόξα
731 2927 798 2987 verb,
813 2944 885 2992 quam
897 2927 973 2992 vulgd
984 2930 1090 2993 gloriam
1101 2934 1176 2981 inter-

173 3023 307 3078 pretamur,
330 3032 517 3079 nonnumquam
536 3017 600 3066 lucis
621 3025 647 3067 et
666 3017 785 3067 claritatis
805 3018 916 3067 divinum
936 3033 965 3067 ac
984 3019 1085 3069 caeleste
1105 3019 1176 3084 jubar

175 3102 312 3166 significat;
335 3104 372 3154 uti
384 3104 467 3154 videre
479 3113 519 3154 est
532 3104 615 3154 Exod.
629 3107 668 3155 34.
683 3106 722 3154 30.
737 3105 767 3154 de
779 3104 876 3170 fulgore
887 3104 961 3154 faciei
975 3106 1106 3156 Mosaicae.
1141 3107 1176 3156 Et

175 3193 200 3241 2.
217 3192 275 3243 Cor.
292 3195 316 3241 3.
331 3197 354 3244 7.
376 3194 439 3243 Luc.
457 3195 480 3243 2.
496 3196 518 3243 9.
535 3194 712 3261 Ἀπαὺγασμα
726 3193 786 3244 verb
800 3195 956 3258 splendorem
968 3210 999 3243 ex
1010 3195 1125 3245 claritate
1136 3194 1177 3243 illi

175 3283 338 3333 resultantem
357 3293 436 3334 notat.
481 3284 553 3336 Sicut
573 3284 632 3350 ergd
652 3301 697 3350 per
716 3285 875 3349 splendorem
895 3269 942 3333 lun
961 3286 1130 3348 cognoscitur,
1151 3293 1176 3334 et

175 3370 269 3419 infirmi
280 3373 422 3421 mortalium
434 3374 500 3422 oculi
515 3375 636 3438 placidius
655 3375 719 3424 ferre
735 3375 892 3439 splendorem
916 3374 989 3433 Solis,
1008 3374 1082 3437 quam
1098 3375 1176 3438 ipsam

175 3457 286 3521 corporis
297 3457 390 3506 Solaris
402 3459 538 3509 claritatem
551 3472 669 3525 possunt:
692 3463 732 3512 Ita
740 3462 912 3513 aeternaeillius
924 3462 1009 3526 gloriae
1021 3471 1048 3512 et
1059 3461 1176 3511 claritatis

175 3543 201 3593 in
218 3543 275 3593 Deo
290 3542 408 3606 splendor
425 3553 451 3595 et
467 3549 591 3600 emanatio
609 3551 690 3599 Filius
706 3567 761 3601 esse
779 3552 940 3616 significatur.
957 3550 991 3600 D.
1011 3550 1045 3602 G.
1068 3551 1132 3615 Myl.
1152 3550 1177 3599 in

175 3635 231 3685 loco
242 3634 273 3682 de
286 3633 399 3682 Persona
411 3633 590 3686 Christi-W.
624 3639 734 3702 Philipp.
747 3641 770 3689 2.
785 3656 813 3689 11.
844 3640 927 3690 Omnis
938 3638 1019 3704 linquo
1031 3639 1177 3702 confiteatur,

175 3725 214 3777 ’ότι
227 3725 321 3792 Κύριος
334 3726 436 3785 Ἰησοῦς
448 3726 560 3789 Χριστὸς
572 3726 606 3785 εἰς
618 3725 697 3783 δόξαν
708 3729 768 3777 θεοῦ
782 3727 954 3793 πατρὸς.-8.

231 3906 311 3956 Vsus.
326 3903 505 3953 lost-Mediis
514 3904 638 3967 frontibus
650 3903 778 3968 additum]
802 3905 840 3954 Ita
855 3905 976 3954 Prudent.
994 3905 1138 3957 Cathemer.
1152 3908 1174 3955 6.

177 4007 199 4040 v.
216 3993 269 4041 129.

515 4056 570 4104 Fac,
584 4058 639 4105 cuns,
653 4058 742 4095 vocante
755 4056 834 4104 somni,

515 4129 602 4169 Castum
615 4129 671 4181 petis
684 4129 759 4176 cubile,

515 4202 618 4242 Frontem
632 4204 739 4254 locumque
751 4204 824 4243 cordia

516 4276 592 4316 Crucis
599 4278 675 4328 figura
690 4278 765 4328 signet,
779 4279 818 4324 dc.
