2706 5040
618 551 730 594 noris.
900 605 904 612 Ι
1134 536 1172 598 61

174 713 242 767 Vide
254 714 314 765 ibid.
329 729 398 777 seqq.
412 713 475 763 etin
489 712 604 762 Romavo
616 727 639 760 v.
650 712 706 763 586.
719 719 745 763 et
757 712 812 762 621.
852 711 891 761 De
904 713 975 776 signo
989 722 1071 764 eutem
1087 716 1177 768 Crucis

172 803 274 868 scripsit
291 802 418 853 Alfonsus
434 800 613 854 Cissea-W.
648 800 688 850 De
704 800 792 853 Crucis
809 800 881 864 signo
897 801 937 850 vel
951 801 1038 865 figuris,
1058 803 1081 852 si
1100 804 1176 855 homo

172 909 200 943 se
211 893 262 952 ills,
282 893 340 942 veris
351 891 376 940 in
392 891 522 943 Christum
536 889 682 938 crucifixum
693 888 751 948 fide,
769 888 858 952 signet,
876 897 939 939 esto.
968 890 1093 941 Athones.
1103 901 1174 949 ,oret

173 990 260 1032 contra
272 988 360 1043 gentes
374 979 414 1029 tit.
426 994 443 1028 1.
461 977 506 1029 fol.
519 993 537 1028 1.
553 981 627 1028 πᾶσα
641 976 771 1043 δαιμόνων
784 980 916 1043 φαντασία
930 981 968 1044 τῷ
981 982 1076 1046 σημείῳ
1092 982 1176 1048 τούτῳ

173 1069 359 1120 ἀπελαύνεται.
379 1066 418 1116 De
432 1067 526 1116 incarn.
540 1066 629 1126 Verbi,
645 1065 707 1116 ibid.
720 1066 765 1116 fot.
779 1067 819 1116 61.
839 1069 877 1134 τῷ
892 1069 986 1134 σημείῳ
1002 1073 1048 1120 τοῦ
1063 1075 1176 1137 σταυροῦ
1195 1115 1200 1123 .

173 1164 248 1210 πᾶσα
265 1161 314 1224 μὲν
327 1157 422 1224 μαγεία
438 1156 557 1213 παύεται,
575 1158 649 1206 πᾶσα
664 1155 689 1206 δὲ
705 1157 849 1222 φαρμακεία
862 1161 1030 1223 καταργεῖται
1045 1167 1092 1209 etc.
1108 1159 1176 1213 Vide

173 1247 233 1297 ibid.
248 1245 294 1296 fol.
308 1246 348 1297 75.
376 1244 427 1294 Sed
441 1243 501 1303 dixi,
518 1243 540 1292 si
556 1244 613 1292 veri
627 1244 654 1292 in
669 1243 798 1295 Christum
812 1245 957 1295 crucifixum
971 1244 1029 1296 fide.
1067 1246 1132 1296 Nam
1147 1256 1177 1298 ut

172 1336 239 1400 apud
249 1335 323 1384 eund.
340 1333 470 1383 Antonius
482 1332 622 1381 insuaviter
634 1335 744 1398 σφραγίς
755 1333 819 1398 ἡμῖν
831 1335 873 1383 vul
885 1338 974 1398 τοῖχος
985 1334 1021 1394 είς
1032 1334 1177 1400 ἀσφάλειαν

173 1425 189 1485 ἡ
203 1425 238 1483 είς
247 1425 294 1473 τὸν
308 1422 404 1486 Κύριον
417 1421 491 1486 ἡμῶν
509 1422 604 1480 πίστις.
644 1421 716 1471 Sicut
727 1436 813 1471 recens
830 1421 888 1472 em.
901 1439 921 1471 s.
942 1423 1027 1473 codice
1043 1422 1121 1473 edidit
1136 1423 1176 1475 CI.

176 1510 334 1561 Hoeschelius
354 1524 409 1572 pag.
430 1510 467 1559 17.
488 1523 544 1556 cum
565 1516 637 1558 vetus
656 1507 717 1557 eliis
735 1509 909 1572 interpretatio
928 1518 988 1559 tom.
1010 1511 1034 1559 2.
1056 1510 1174 1562 101447.

175 1601 279 1666 Siqnum
289 1598 384 1655 Crucis,
402 1605 424 1646 et
434 1596 499 1659 fides
511 1596 544 1646 ad
554 1595 683 1645 Dominum
695 1596 884 1662 inexpugnabilis
894 1597 961 1648 nobis
971 1614 1052 1648 murres
1063 1608 1105 1649 est.
1138 1600 1178 1652 At

173 1691 227 1739 sine
244 1689 302 1746 fide,
323 1687 377 1737 sola
391 1685 480 1738 Crucis
495 1685 574 1749 figura
594 1684 732 1748 periculum
749 1684 832 1734 facere
852 1700 1006 1750 nequaquem
1024 1687 1063 1736 vel
1080 1687 1177 1738 homini

173 1786 271 1837 tutum;
301 1783 329 1825 ut
346 1783 471 1838 expertus,
498 1772 539 1821 cui
559 1771 718 1822 occinebatur
738 1788 823 1822 versus
843 1772 903 1823 iste:
940 1772 1027 1838 Siqua,
1053 1782 1074 1823 tc
1092 1776 1175 1840 siynm

172 1863 256 1913 temmd
265 1880 301 1912 me
316 1864 395 1928 turpis
408 1870 431 1910 et
442 1862 519 1925 anyis.
552 1859 627 1920 ‘Quid
638 1868 722 1909 autem
740 1860 828 1911 Crucis
840 1861 937 1923 signum
949 1861 979 1910 ad
990 1861 1076 1921 boves,
1093 1863 1178 1912 etalio

172 1950 289 2000 animalis
306 1950 395 2000 brute?
421 1952 457 2015 μὴ
476 1954 528 1999 τῶν
548 1948 621 2012 βοῶν
636 1948 705 2013 μέλει
724 1936 760 2014 roi
776 1951 840 2014 &eph
864 1950 930 2012 quod
947 1950 1111 2015 haudineptd
1128 1952 1177 2000 huc

173 2037 354 2095 accommodes,
372 2036 386 2086 d
398 2051 416 2085 1.
439 2037 497 2088 Cor.
512 2038 535 2086 9.
550 2037 573 2085 6.
596 2035 669 2085 Mera
680 2035 756 2099 igitur
769 2052 815 2085 nec
830 2052 918 2100 expers
932 2053 1026 2101 magnae
1040 2038 1176 2102 impietatis

173 2125 320 2191 superstitio
338 2132 385 2182 est,
410 2124 485 2174 boum
507 2125 546 2174 vel
568 2125 695 2188 pecudum
710 2125 816 2175 salutem
837 2142 868 2174 ex
890 2127 996 2178 articulo
1015 2128 1176 2179 redemtionis

172 2215 303 2264 deducere.
344 2213 418 2273 Quod
434 2213 501 2262 enim
517 2213 584 2262 Pssl.
598 2216 638 2264 36.
653 2217 676 2266 7.
691 2214 791 2264 dicitur:
817 2215 929 2265 Jumenta
941 2215 1045 2266 salvabis
1060 2217 1175 2277 Domine·

172 2302 199 2350 id
217 2317 267 2351 non
284 2300 334 2349 nisi
350 2302 380 2349 de
398 2300 555 2364 providentii
571 2309 597 2351 et
611 2302 800 2352 conservatione
817 2303 1001 2367 accipiendum:
1028 2302 1078 2369 qud
1094 2315 1120 2356 et
1135 2306 1178 2356 ille

172 2389 300 2454 pertinent
313 2389 357 2438 Ps.
374 2391 427 2439 104.
443 2390 480 2439 14.
495 2389 539 2439 Ps.
556 2391 609 2441 147.
623 2393 646 2441 9.
669 2390 763 2442 Metth.
777 2394 800 2442 6.
815 2393 855 2442 26.
870 2393 981 2443 etc-S.

224 2548 308 2600 vsvs.
329 2547 527 2598 llO.-Seberus
541 2548 572 2597 ud
585 2548 650 2598 hoee:
682 2549 750 2609 Quid
764 2557 840 2599 autem
854 2553 931 2600 crucis
946 2554 1039 2616 sipnum
1054 2552 1087 2602 ad
1099 2552 1176 2613 boves,

172 2643 195 2684 et
206 2635 254 2685 aliu
266 2635 378 2686 animalia
389 2636 477 2687 bruta?
498 2640 535 2702 μὴ
545 2642 608 2708 Δτῶν
625 2637 698 2700 βοῶν
715 2637 786 2702 μέλει
803 2641 841 2702 τῷ
856 2641 923 2703 Ceph
946 2640 1010 2702 quod
1022 2639 1088 2690 Ιιαιιά
1100 2643 1177 2706 inepte

172 2725 218 2775 iac
232 2725 389 2775 accommodes
404 2742 433 2775 ev
448 2742 461 2773 r
482 2724 539 2774 Cor.
554 2724 608 2783 IX,
626 2728 649 2775 9.
685 2724 759 2773 Mera
774 2725 855 2789 ipitvr,
872 2741 914 2774 nec
928 2743 1014 2791 expers
1028 2745 1118 2793 mupnoe
1133 2731 1177 2778 im-

168 2815 268 2880 pictatis
281 2816 416 2878 superstitio
433 2821 475 2872 est,
498 2812 565 2862 boum
578 2812 616 2862 vel
626 2812 744 2877 pecudum
757 2811 853 2862 salutem
870 2829 899 2862 ev
915 2815 1014 2864 articulo
1029 2817 1176 2868 redemtionis

173 2900 443 2951 deducere-Wunrvs.

224 3063 309 3116 Vries.
331 3061 464 3111 lii-Sic
477 3061 628 3124 interpretor
640 3067 777 3126 propterea,
795 3061 862 3125 quod
878 3061 949 3112 Deus
963 3063 1007 3113 ille
1021 3064 1065 3115 loe
1078 3068 1176 3126 nomine,

173 3152 220 3200 hac
234 3166 268 3210 re,
285 3165 376 3214 nempe
391 3151 471 3200 salute
486 3149 574 3208 danda,
587 3156 724 3214 prepotens
736 3157 782 3208 est,
799 3148 858 3199 hinc
869 3152 985 3202 vocitatus
999 3162 1034 3203 est
1053 3153 1176 3215 Salvator,

173 3238 283 3300 Ἰησοῦς,
305 3241 403 3304 Σωτὴρ.
440 3237 490 3288 Sed
504 3236 611 3287 fortasse
622 3253 668 3301 pro
679 3238 714 3286 sic
728 3238 861 3301 legendum
873 3246 913 3289 est
923 3240 952 3299 si,
970 3239 1018 3290 hoc
1031 3257 1120 3294 sensu:
1149 3244 1176 3294 Si

174 3344 233 3379 vero
247 3329 317 3378 Deus
329 3327 451 3387 Salvator,
468 3329 516 3377 hoc
528 3327 630 3377 nomine
640 3335 789 3391 prepotens,
806 3329 930 3388 vocitatus,
946 3329 972 3378 h.
984 3329 1115 3382 invocatus
1126 3340 1161 3382 est
1167 3359 1176 3391 ,-

174 3417 240 3481 fugit
257 3417 385 3477 continuo,
403 3424 451 3466 eet.
489 3416 568 3465 Plane
586 3415 657 3466 aliter
670 3415 804 3469 Vonckius
821 3415 847 3465 in
866 3417 939 3468 Lect.
960 3418 1018 3469 Lat.
1032 3418 1076 3470 lib.
1096 3420 1133 3480 II,
1150 3437 1175 3485 p.

176 3507 231 3565 134,
255 3507 297 3569 qui
317 3513 398 3569 putat,
421 3504 507 3569 inepte
526 3505 601 3554 verba
620 3503 695 3568 hujus
715 3520 809 3564 versus,
829 3506 901 3569 qussi
920 3507 993 3557 unius
1012 3509 1100 3560 rustici
1118 3510 1177 3570 sint,

174 3592 299 3652 connecti,
317 3608 394 3657 quum
405 3592 455 3643 duo
465 3593 607 3655 loquantur.
643 3592 724 3657 Igitur
735 3592 910 3644 sicemendat:
938 3595 1026 3647 BUC.
1049 3596 1092 3647 Sic
1103 3602 1178 3649 vero?

177 3682 255 3732 TIT.
276 3681 348 3732 Deus
359 3683 407 3731 hoc
426 3681 476 3745 (vel
490 3680 546 3742 hic)
564 3680 666 3730 numine
680 3689 821 3744 prepotens
837 3681 950 3732 Salvator
962 3684 1085 3733 vocitatus
1096 3692 1180 3735 est.-

178 3770 289 3820 Wnnrvs.

226 3931 311 3984 Vnus.
333 3927 562 3991 ill-Salvator]
578 3926 692 3988 Ἰησοῦς,
713 3925 811 3989 Σωτήρ.
840 3925 930 3989 Aliqui
950 3925 1066 3977 Servatur
1083 3928 1179 3980 malunt

175 4019 264 4077 dicere,
282 4019 327 4067 sed
342 4016 419 4067 meld:
442 4025 470 4067 ut
484 4016 638 4065 demonstrat
655 4013 750 4077 Dausq.
772 4013 798 4061 in
816 4021 868 4064 not.
886 4014 917 4063 ad
935 4013 1012 4064 Basii.
1034 4015 1131 4065 Seleuc.
1151 4032 1176 4079 p.

175 4107 280 4159 eie-s.

225 4270 310 4322 VERS.
332 4266 517 4317 lit-Mortis
540 4263 574 4314 nil
594 4262 681 4328 lituu]
710 4261 736 4310 id
759 4269 805 4320 est,
831 4261 867 4311 nil
891 4263 989 4312 valuere
1008 4263 1101 4326 morbi3
1129 4265 1179 4315 vim

174 4373 275 4408 exerere
288 4365 314 4408 et
325 4371 440 4407 exercere
452 4370 522 4404 suam
535 4369 585 4403 non
597 4351 821 4416 potuerunt-W.
