2706 5040
288 527 331 588 40
733 545 846 590 uorm.

290 723 312 756 c.
329 708 388 758 137:
416 707 519 773 Gurpite
529 709 565 759 sie
576 706 648 773 pleno
655 709 738 773 socies
748 710 861 758 πιαιισυίι.
894 709 945 759 Sed
963 709 1031 762 lior.
1046 712 1134 763 Germ.
1150 713 1206 775 lv,
1222 730 1241 775 1,
1257 719 1299 767 34:

290 796 380 846 Manat
390 813 449 846 rura
460 813 523 846 meas
533 796 630 848 ίοοιίιιιο
640 814 685 862 per
694 797 926 862 penae-Wlmrm.

340 976 426 1028 Vsus.
443 974 554 1024 t-Fac
564 981 591 1022 ut
602 974 665 1024 norit
676 976 770 1040 amous]
790 974 919 1038 Apposite
934 975 1054 1025 Achilles
1070 977 1168 1029 Tatius
1180 979 1225 1031 lib.
1239 983 1261 1031 3.
1272 982 1300 1030 de

294 1065 405 1129 Clitoph.
423 1073 449 1115 et
469 1064 573 1128 Leucip.
592 1066 736 1129 συμπαθὴς
751 1063 776 1113 ii
794 1083 849 1123 πως
865 1065 900 1123 εἰς
917 1065 992 1116 ἔλεον
1009 1067 1157 1132 ἄνθρωπος
1172 1068 1300 1134 ἀκροατὴς

290 1155 436 1219 ἀλλοτρίων
445 1173 538 1204 κανων.
553 1155 596 1204 καὶ
608 1154 677 1212 ἔλεος
687 1153 813 1212 πολλάκις
824 1154 915 1218 φιλίαν
925 1156 1059 1219 προξενεῖ·
1076 1156 1093 1216 ἡ
1104 1158 1158 1223 γὰρ
1167 1157 1244 1222 ψυχὴ
1254 1177 1299 1222 μα.

290 1245 420 1308 >lapicida
433 1245 499 1308 πρὸς
516 1246 567 1305 τὴν
579 1243 616 1294 ὧν
627 1245 720 1305 ἤκουσε
731 1244 829 1305 λύπην,
847 1245 1002 1293 συντεθεῖσα
1019 1247 1090 1294 κατὰ
1100 1247 1198 1311 μικρὸν
1209 1249 1242 1312 τῇ
1257 1250 1298 1296 τοῦ

291 1332 393 1391 πάθους
409 1332 530 1396 ἀκροάσει
542 1334 593 1392 τὴν
609 1334 704 1390 οἶκτον,
719 1332 755 1390 είς
770 1332 859 1396 φιλίαν
871 1334 919 1391 τῆς
930 1330 1019 1393 λίιπης
1030 1333 1082 1384 τὸν
1090 1334 1168 1383 ἔλεον
1177 1335 1297 1400 συλλέγει.

292 1421 330 1472 Et
343 1437 428 1470 rursus
443 1421 507 1470 libro
524 1422 549 1469 6.
572 1421 626 1470 ἔστι
640 1423 687 1487 μὲν
704 1423 754 1487 γὰρ
765 1420 837 1487 φύσει
851 1420 962 1487 δάκρυον
979 1421 1126 1487 ἐπαγωγὸν
1143 1420 1233 1481 ἐλέους
1247 1425 1296 1479 τοῖς

290 1509 392 1575 ὁρῶσιν.
430 1507 500 1558 Hinc
513 1508 650 1573 Euripides
664 1524 715 1558 non
728 1508 829 1568 absone,
849 1508 929 1572 Iphtg.
947 1507 1035 1557 Aulid.
1052 1523 1078 1557 v.
1093 1510 1152 1560 424.
1172 1510 1200 1568 ἐς
1214 1509 1295 1560 κοινὸν

289 1597 383 1660 ἀλγεῖν
398 1600 453 1655 τοῖς
468 1598 563 1662 φίλοισι
578 1599 630 1662 χρὴ
645 1598 743 1662 φίλους.
778 1596 886 1661 Afflictio
899 1596 967 1654 enim,
988 1613 1046 1645 vera
1064 1597 1177 1660 affinitas
1193 1597 1294 1646 αυιίοίίίο

288 1692 323 1733 est
328 1710 337 1743 ,·
361 1693 384 1733 et
399 1686 448 1734 ueri
465 1686 536 1734 amici
552 1693 654 1750 tempore
667 1685 819 1734 adversitatis
830 1683 971 1749 probantur,
991 1684 1050 1747 quia
1068 1684 1174 1749 affictus
1188 1692 1243 1733 tune
1255 1685 1293 1732 iet·

285 1771 405 1837 pelluntur
416 1771 450 1822 ad
459 1771 647 1839 benefaciendum
658 1773 748 1822 amico:
771 1780 800 1822 ut
810 1771 845 1822 ait
856 1772 887 1820 Ρ.
902 1769 1049 1828 Mattheus,
1068 1770 1186 1821 historie
1196 1771 1291 1822 Gallice

289 1860 371 1924 regius
390 1869 415 1910 et
434 1859 581 1909 vernaculus
601 1860 716 1925 scriptor,
739 1860 839 1924 elegans
857 1875 915 1908 sene
935 1865 962 1908 et
978 1857 1095 1908 emditus
1119 1858 1167 1922 (ite
1182 1858 1291 1921 indigitat

291 1948 418 2012 Rodolph.
434 1948 569 2007 Botoreus,
586 1948 641 2012 ipse
652 1947 718 2007 talis,
734 1947 778 1997 lib.
793 1949 831 1998 16.
846 1962 901 2011 pag.
913 1947 985 2007 546.)
1002 1945 1093 1995 histor.
1108 1943 1154 1994 lib.
1168 1946 1194 1994 4.
1205 1952 1287 1994 narret.

287 2037 312 2084 2.
323 2051 378 2099 pag.
392 2038 431 2087 47.
470 2035 574 2085 Interim
590 2052 655 2085 nemo
672 2035 790 2085 lominum
803 2036 928 2100 reperitur,
945 2034 987 2098 qui
1000 2031 1056 2082 velit
1071 2032 1192 2097 adoptare
1207 2032 1289 2082 dolores

287 2131 310 2172 et
324 2122 430 2187 querelem
444 2122 556 2181 aliorum·
580 2123 645 2173 sieut
659 2131 698 2174 est
713 2123 780 2187 apud
792 2123 898 2173 eundem
912 2121 956 2173 lib.
971 2123 995 2171 2.
1016 2129 1108 2171 narrat.
1123 2123 1147 2171 3.
1166 2136 1224 2185 pag.
1237 2121 1287 2170 208

286 2211 380 2260 Amans
394 2212 440 2277 tue]
463 2210 579 2262 Ciceroni
595 2210 744 2274 nimisquem
760 2209 889 2269 familiare,
908 2210 974 2259 unde
991 2215 1017 2259 et
1032 2216 1155 2272 petantur
1170 2207 1285 2272 exemplu

286 2297 346 2347 Alta
357 2298 449 2348 silentia
460 2299 569 2364 condere]
593 2298 658 2351 Vice
669 2314 741 2347 versa
754 2299 880 2362 Virg.10.
899 2296 1003 2348 AEneid.
1020 2295 1097 2346 dixit:
1124 2295 1186 2346 Alta
1201 2294 1287 2345 menta

286 2403 401 2451 rumpere,
413 2394 435 2435 et
446 2386 568 2436 obductum
579 2386 656 2436 verbis
668 2385 765 2451 culpare
775 2385 884 2436 dolorem.
922 2386 963 2436 Ite
975 2392 1001 2435 et
1014 2384 1073 2438 Val.
1090 2383 1200 2433 Flaccus
1211 2383 1252 2433 lib.
1262 2384 1283 2432 a

285 2493 309 2526 v.
331 2478 386 2526 508.
426 2476 575 2540 Tandemque
589 2475 683 2525 silentia
701 2477 796 2540 rumpit.
832 2475 870 2525 Et
886 2474 931 2525 lib.
948 2476 972 2524 5.
994 2490 1017 2524 v.
1036 2475 1092 2524 648.
1136 2473 1204 2534 Quiu
1222 2473 1304 2538 torpa·

284 2563 377 2613 silentia
394 2563 479 2613 Pallas
492 2570 616 2628 rumperet.
654 2563 724 2612 Idem
737 2563 781 2614 lib.
795 2565 817 2613 l.
834 2580 858 2612 v.
871 2564 928 2614 508.
948 2550 1029 2613 et'lib.
1044 2564 1068 2612 4.
1088 2578 1113 2612 v.
1126 2564 1167 2613 42.
1184 2578 1283 2628 rumpere

284 2660 387 2716 questus.
420 2651 492 2714 Virg.
509 2652 533 2699 2.
553 2653 576 2700 3.
593 2659 620 2701 et
633 2655 657 2702 4.
679 2651 783 2700 AEneid.
804 2668 912 2716 rumpere
928 2668 1013 2702 vocem.
1053 2650 1193 2713 Imssraeei
1212 2651 1283 2716 ῥῆξαι

284 2739 383 2804 φωνήν.
415 2739 523 2802 Opplun.
538 2755 556 2787 1.
572 2739 693 2804 Cyneget.
709 2738 787 2804 ῥῆξαι
798 2738 876 2806 δεσμὰ
888 2743 996 2800 σιωπῆς.
1014 2739 1069 2788 Adi
1083 2739 1116 2790 P.
1137 2740 1232 2793 Victor.
1246 2739 1280 2787 10.

283 2842 333 2876 var.
346 2826 405 2875 lect.
419 2827 443 2875 8.
459 2825 575 2876 Lambin.
590 2827 620 2875 ad
635 2826 725 2877 Horat.
742 2827 826 2891 Epod.
840 2843 865 2891 p.
877 2829 934 2878 359.
955 2826 1082 2879 Vechner.
1095 2826 1280 2876 hellenolex.2

284 2931 305 2963 c.
325 2915 349 2963 4.
375 2914 464 2965 Horat.
485 2915 509 2964 2.
543 2914 617 2965 Satir.
640 2917 664 2965 6.
714 2914 811 2965 Scilicet
834 2917 923 2981 eprepii
949 2915 1069 2965 mortalem
1090 2915 1180 2982 altique
1200 2915 1281 2966 silenti.

285 3000 413 3065 Apuleius
430 3002 457 3049 in
479 3001 573 3051 Florid.
612 3002 667 3054 Vox
689 3003 714 3052 iu
736 3003 824 3067 tropina
843 3002 930 3052 silentii
951 3002 1054 3062 comitto,
1078 3003 1172 3055 diutino
1193 3012 1283 3071 torpore

281 3089 489 3140 hebetatum-W.

333 3265 418 3317 Vere.
437 3265 599 3326 5.-Quaeso,
618 3266 685 3315 sinae
697 3265 768 3332 altu]
793 3266 853 3317 Non
865 3265 1021 3317 dissimiliter
1035 3266 1145 3318 Ovidius
1158 3269 1182 3319 4.
1203 3268 1281 3320 Trist.

282 3352 305 3401 4.
320 3368 343 3402 v.
357 3353 397 3402 40.

557 3459 589 3499 At
598 3459 649 3514 pirre
661 3468 694 3499 me
701 3458 750 3510 suti
762 3470 804 3500 που
816 3459 937 3500 meminisse
948 3460 1002 3500 mei:

532 3533 591 3574 Neve
603 3533 743 3575 retractando
756 3533 848 3575 nondum
860 3534 959 3575 eoeneum
970 3544 1046 3586 rumpe

562 3607 671 3656 Vultum,-
687 3608 727 3649 otc
739 3608 785 3650 illio
795 3608 895 3661 proderit
907 3608 957 3661 ipra
970 3608 1036 3660 quies.

282 3726 358 3776 Prov.
372 3726 466 3777 Melum
477 3728 534 3777 lene
544 3730 660 3779 conditum
672 3749 700 3780 ue
711 3749 811 3791 moveas,
827 3749 913 3782 evers.
924 3734 980 3783 428.
995 3732 1158 3796 Theop-S.
1192 3734 1285 3785 Paullo

279 3817 364 3866 durius
376 3818 416 3867 vel
427 3817 580 3882 pleonestice
592 3819 686 3868 dictum
698 3819 791 3869 silentio
809 3821 907 3870 condere
917 3820 1031 3869 semibus.
1066 3821 1132 3869 Nam
1144 3821 1188 3871 ulii
1201 3823 1285 3874 solent

278 3921 326 3952 rem
344 3905 434 3954 silentio
453 3906 558 3964 condere,
581 3914 664 3971 tepere.
706 3907 827 3958 Similiter
845 3916 928 3958 tamen
949 3908 1110 3967 Prudentius,
1134 3909 1232 3972 praefat.
1252 3912 1285 3960 ad

277 3993 332 4042 libr.
348 3996 374 4042 in
390 3996 483 4058 Symm.
498 4012 521 4045 v.
535 3998 580 4046 55:
609 3997 697 4046 Subter
708 4000 858 4062 comprimere
871 3998 952 4048 clausa
963 3999 1064 4048 silentia.
1101 4000 1204 4059 Clauso,
1224 4017 1285 4050 con-

278 4082 338 4139 dito,
353 4098 496 4145 compresso
509 4084 608 4134 silentio
618 4086 767 4136 contrarium
781 4095 827 4145 est,
845 4087 943 4150 quando
955 4087 1056 4137 silentia
1064 4091 1143 4153 rumpi
1153 4088 1281 4141 dicuntur.

281 4170 587 4224 Conduutobliviameutem
595 4176 671 4226 hallei
683 4176 842 4228 Claudianus
858 4178 935 4229 Cons.
948 4176 1024 4240 Olyb.
1040 4193 1063 4228 v.
1077 4176 1284 4229 166.-WERus.
