2706 5040
480 527 697 593 LECTORI.
1055 532 1089 593 ll

91 724 158 778 erat
171 712 278 777 forsan
295 713 390 777 nimis
405 737 449 777 ex
469 736 503 777 re
520 713 671 798 pecuaria
688 713 851 797 augendia
875 735 948 797 quae
965 715 1094 798 quidem

90 823 186 887 etiam
201 823 450 898 abundaverant,
465 845 544 886 mox
560 832 727 906 tantopere
743 822 928 887 debilitatus
943 833 976 887 et
990 824 1094 887 minu-

90 941 152 1011 tus,
177 932 344 996 salubriori
357 932 619 1016 contemplationi
634 932 861 1014 agglutinatur.
901 930 954 995 Tu
965 955 1094 1017 quoque

90 1042 214 1106 utinam
228 1044 370 1106 urbanus
386 1064 480 1126 aeque
494 1064 530 1105 ac
541 1041 689 1106 rurestris
700 1041 794 1119 faxis,
817 1052 856 1105 ut
867 1043 1096 1127 conquirantur

89 1151 216 1236 piacula
234 1151 292 1214 irae
310 1152 409 1236 justae
431 1151 626 1227 avertendae3
651 1172 748 1234 quam
768 1151 932 1214 coelestem
949 1173 1017 1214 esse
1038 1150 1096 1235 qui

91 1261 237 1325 dubitare
251 1270 355 1345 poteS,
380 1283 482 1345 quum
496 1283 539 1323 ex
553 1261 631 1345 ipsis
645 1261 741 1323 rebus
759 1261 975 1345 deprehendas
989 1284 1095 1326 aerem

91 1370 151 1433 tibi
161 1370 314 1434 infestum
327 1371 417 1434 esse?
452 1369 563 1454 Hujus
575 1369 695 1432 halitus
707 1370 869 1433 trucidans
881 1381 1024 1435 armenta
1038 1381 1096 1435 tua

91 1479 249 1542 exclamat
266 1479 326 1542 tibi
342 1501 411 1542 rem
429 1501 497 1542 esse
516 1499 657 1554 tumeo,
681 1479 772 1563 cujus
791 1479 853 1542 ista
872 1489 1013 1563 potestas
1034 1489 1093 1543 est.

92 1588 260 1674 Quidquid
281 1589 453 1652 admissum
470 1588 522 1663 sit,
545 1597 584 1651 tu
600 1587 715 1669 cogita.
760 1587 833 1670 Ego
849 1611 908 1652 nec
926 1611 1036 1652 censor
1053 1589 1093 1652 ab

91 1697 197 1761 Roma
211 1698 303 1761 venio
323 1717 383 1758 nec
405 1696 513 1766 εὐθήνης
531 1695 571 1757 ab
590 1693 739 1757 Athenis.
786 1695 859 1759 Hoc
879 1697 987 1760 mirari
1006 1697 1093 1774 licet,

91 1829 149 1870 cur
166 1828 268 1889 quum
290 1804 399 1886 AEgon
416 1801 556 1864 fateatur
574 1802 663 1865 istud
684 1802 788 1866 fatum
810 1804 982 1867 transsilire
1006 1804 1094 1881 ahos,

90 1915 153 1978 vici
175 1936 234 1976 nos
256 1912 406 1996 affligere,
432 1909 564 1994 Tityrus
588 1911 632 1973 sic
656 1921 787 1996 repente
810 1922 884 1997 post
904 1913 1096 1977 celebratam

92 2025 161 2109 ejus
177 2023 217 2085 ab
233 2023 361 2106 AEgone
380 2021 567 2084 felicitatem
582 2021 728 2104 prosiliat
745 2044 818 2086 cum
836 2023 926 2106 signo
945 2025 1047 2088 crucis
1062 2037 1096 2090 et

91 2154 206 2215 magna
221 2132 289 2215 ejus
305 2129 461 2214 potentia,
486 2150 545 2191 nec
561 2151 631 2192 eam
651 2152 719 2192 rem
732 2131 843 2194 vicinis
860 2131 1093 2215 significaverit,

92 2242 179 2305 haud
207 2240 304 2304 dubie
330 2239 426 2303 etiam
447 2237 534 2301 ultro
555 2261 628 2302 cum
648 2239 704 2302 illo
727 2240 855 2318 acturis,
883 2242 910 2304 si
931 2244 1018 2326 quod
1040 2244 1094 2307 ille

94 2352 207 2415 statuit
221 2351 374 2415 vidissent
395 2350 463 2434 ejus
481 2350 631 2414 armentis
647 2351 745 2434 parci.
792 2350 863 2415 Imo
881 2354 993 2437 quidni
1011 2356 1095 2420 bene

93 2462 133 2524 de
149 2459 262 2544 Tityro
283 2459 422 2543 cogitare
438 2457 524 2536 licet,
549 2468 582 2522 et
598 2459 633 2522 in
646 2460 833 2524 instruendo
855 2474 1095 2545 praeventurum

92 2568 189 2633 dhisse
200 2569 329 2645 vicinos,
345 2567 472 2631 utboni
484 2567 580 2631 vicini
591 2568 732 2632 officium
744 2570 906 2653 exigebat,
930 2573 957 2635 si
971 2576 1094 2657 potuis-

95 2689 144 2743 set
157 2679 251 2742 modo
266 2689 333 2742 tam
347 2677 412 2741 leni
427 2677 588 2740 calamitas
602 2678 658 2740 illa
672 2679 782 2741 averti.
830 2679 925 2744 Certe
941 2681 997 2764 qui
1008 2704 1094 2747 nunc

94 2800 162 2853 tam
175 2799 323 2873 prompte
337 2787 443 2851 omnia
460 2785 572 2869 aperit,
595 2808 660 2848 non
673 2786 800 2849 videtur
819 2796 914 2851 antea
930 2790 975 2851 sic
992 2814 1095 2854 moro-

95 2921 149 2962 sus
174 2897 283 2974 fuisse,
311 2905 355 2974 ut,
372 2894 479 2959 omnia
502 2892 606 2978 perire
629 2893 738 2978 potius
760 2893 886 2971 viderit,
917 2919 1012 2980 quam
1035 2899 1095 2964 hoc

95 3030 190 3073 suum
205 3005 303 3091 gratis
318 3015 485 3090 acceptum
500 3003 747 3069 communicaret
761 3026 835 3068 cum
849 3004 929 3071 aliis.
