2706 5040
621 537 733 580 norm.
1136 519 1178 580 53

170 701 254 768 pipam
275 697 441 765 nenednpiva
461 699 579 765 γούνατα
599 699 693 764 νούσῳ.
730 697 769 749 Et
784 713 838 761 cap.
853 700 877 748 5.
894 712 917 748 v,
932 699 972 748 98.
1009 677 1107 747 Rursus
1122 714 1176 762 cap.

172 787 452 854 antemuralia
473 786 650 853 πεπεδημένος
667 789 737 852 ἅψεα
757 784 849 853 δεσμῷ.
888 786 978 837 Horat.
999 789 1022 837 a
1043 803 1117 837 carm.
1135 789 1176 838 24.

171 877 265 928 Mortis
275 876 366 941 laquem
374 876 486 941 expedire
497 875 654 941 caput-W.
689 875 747 925 Leti
754 876 870 941 compede,
885 884 914 926 ut
926 876 1016 927 Horat.
1031 877 1113 928 Carm.
1125 877 1178 938 111,

171 966 250 1025 24,8:
264 965 411 1014 Nonrnortia
418 963 509 1029 laquea
517 964 626 1030 expedies
634 972 714 1029 caput.
733 964 825 1015 Mortis
833 972 939 1015 emeram
946 964 1009 1015 dicit
1017 964 1177 1024 Prudentius,

174 1053 273 1117 Hymn.
290 1053 343 1112 XI,
360 1052 548 1105 ile-Wnaus.
1252 1045 1254 1049 ’

224 1229 311 1282 Vsus.
324 1228 603 1295 69.-Parteeaalid.]
633 1229 736 1279 Petron.
766 1228 810 1278 Er
822 1227 897 1278 alterd
912 1236 984 1294 parte
991 1229 1178 1294 juvenisnudus

174 1316 305 1367 eta-W.

224 1494 310 1548 Varis.
325 1493 582 1546 70.-terueratrins.
595 1491 736 1542 lascivienti
748 1491 815 1543 saltu
824 1500 850 1543 et
857 1508 939 1543 errore
950 1493 1044 1543 luserat
1051 1493 1077 1543 in
1087 1509 1177 1558 campo

175 1581 253 1632 ovid.
273 1580 340 1631 Met.
356 1578 425 1638 VII,
442 1581 503 1629 320:
531 1578 625 1629 Eerilr't
643 1595 727 1644 aprus,
752 1579 907 1644 Lascivitque
920 1582 995 1645 supa,
1019 1579 1178 1646 luctantiaque

171 1669 247 1719 ubera
269 1669 362 1732 querit
410 1666 493 1717 Simili
515 1667 598 1731 phrasi
618 1666 766 1731 pyrricham,
794 1666 879 1715 ludum
903 1676 1034 1726 armatum,
1061 1669 1179 1731 exprimit

175 1754 267 1807 Claud.
279 1755 323 1808 VI
338 1755 415 1807 Cous.
432 1754 503 1806 Hon.
517 1756 575 1806 622:
598 1763 707 1820 certaque
717 1755 823 1819 repandi
837 1755 927 1804 Teutas
936 1754 986 1820 lege
992 1758 1080 1820 firyas,
1097 1757 1178 1806 incon-

161 1845 285 1909 fruorque
295 1861 412 1894 recurras.
450 1843 565 1894 Eandem
577 1844 679 1908 phrasin
690 1844 721 1892 de
731 1842 873 1907 labyrintho
884 1852 988 1906 usurpat
1004 1843 1095 1907 Virgil.
1111 1843 1175 1893 AEn.

175 1931 212 1990 V,
228 1931 290 1981 588:
316 1931 351 1982 Ur
362 1931 480 1996 quondam
493 1931 567 1982 Creta
574 1934 659 1997 fertur
670 1930 834 1996 Labyrinthus
843 1932 868 1979 in
879 1930 928 1979 alla
940 1930 1079 1981 Parietibus
1090 1938 1178 1980 testum

171 2021 242 2071 coecu
252 2021 304 2079 iter,
321 2021 493 2085 ancipitemque
507 2019 577 2069 Mille
588 2021 634 2069 uiis
645 2019 754 2070 babuisse
764 2019 850 2070 dolum.
887 2019 949 2069 Inde
961 2019 1054 2070 sumsit
1069 2019 1177 2070 Pacatus

171 2109 199 2159 in
214 2109 309 2173 Paneg.
323 2108 422 2159 Theod
435 2109 476 2167 38,
493 2109 606 2158 incertam
616 2110 661 2158 iter
672 2110 775 2173 ancipite
786 2108 882 2174 ambage
894 2107 1142 2158 terebat-Wanus.

224 2284 309 2337 Vaas.
324 2283 478 2350 71.-sitt.]
498 2283 539 2335 Ita
551 2284 581 2333 ad
596 2299 664 2334 oram
679 2284 736 2335 libri
750 2285 883 2349 scripserat
899 2284 930 2334 P.
946 2284 1046 2335 Daniel.
1064 2284 1125 2335 alias
1137 2286 1178 2337 hlc

171 2371 273 2437 legitur,
289 2372 407 2422 tria-W.
442 2389 497 2422 mor
515 2372 549 2422 ibi
564 2372 642 2423 edidit
661 2373 784 2424 Pithoeus.
823 2375 873 2425 Sed
887 2374 928 2424 vix
942 2375 1030 2426 dubito
1044 2375 1177 2440 legendum

172 2462 228 2522 sibi,
244 2469 274 2513 ut
283 2462 316 2511 ad
327 2477 395 2512 oram
405 2462 464 2512 libri
472 2461 606 2528 scripserat
616 2464 647 2513 P.
656 2464 757 2524 Daniel,
774 2473 801 2515 et
809 2464 887 2515 edidit
899 2465 1177 2516 waitzius-wantis.

225 2638 311 2691 Vsus.
325 2638 494 2690 72-Pestern
508 2639 738 2704 nostratuum]
769 2639 834 2689 Nam
854 2639 888 2689 ad
903 2642 1025 2691 exordium
1039 2643 1079 2692 eui
1093 2652 1177 2694 cuncta

173 2726 315 2792 respiciunt;
339 2734 369 2776 ut
379 2726 415 2778 ait
429 2726 560 2776 Salvianus
571 2725 615 2775 lib.
629 2728 653 2775 6.
669 2726 699 2774 de
710 2725 839 2789 gubernat.
873 2727 968 2778 Confer
978 2729 1064 2793 Agell.
1076 2731 1121 2780 lib.
1138 2734 1175 2781 12.

174 2831 228 2880 αφ.
239 2830 259 2865 1.
294 2815 332 2865 Et
348 2815 412 2880 quod
428 2833 458 2864 ee
475 2813 585 2864 sordibus
602 2821 644 2872 est,
668 2813 728 2878 quid
744 2815 790 2862 erit
807 2815 855 2863 nisi
873 2815 1010 2865 sordidum?
1042 2816 1102 2866 Non
1117 2821 1177 2867 enim

169 2911 251 2969 potest
263 2902 336 2952 arbor
346 2901 409 2952 mala
417 2904 518 2967 fructus
530 2900 602 2951 bonos
612 2903 706 2967 secere,
723 2917 775 2950 cum
789 2903 814 2950 in
825 2918 851 2950 eo
862 2903 900 2950 ria
910 2909 1003 2952 natura
1014 2904 1134 2962 consistat,
1151 2912 1178 2953 ut

172 2991 261 3047 sinilia
273 3008 303 3040 ea
314 2989 427 3040 timidius
435 2997 597 3056 procreentur.
636 2989 761 3039 Saresber.
774 2989 819 3039 lib.
832 2990 856 3039 5.
871 3005 925 3054 cap.
938 2989 1045 3039 11.-W.

225 3167 311 3220 Vnae.
325 3168 399 3218 78.-
405 3165 506 3217 Vulnere
522 3167 625 3233 sauma]
656 3166 745 3217 Nazar.
764 3182 880 3231 panegyr.
902 3167 981 3217 Roma
997 3175 1031 3218 tot
1044 3167 1178 3219 culumbae

172 3256 265 3305 saucia.
303 3253 446 3319 Symmach.
464 3254 508 3304 lib.
529 3257 553 3304 d.
578 3254 652 3318 epist.
671 3255 711 3303 34.
752 3253 892 3304 Moestirudo
911 3272 946 3304 me
963 3272 1055 3320 quoque
1071 3258 1178 3321 graviter

173 3343 300 3393 saucmuit.
336 3341 374 3391 Et
392 3340 437 3391 lib.
456 3343 481 3390 2.
505 3341 578 3405 epist.
598 3343 639 3392 32.
679 3341 739 3392 Cum
753 3341 832 3391 dabre
846 3343 942 3392 raudus
956 3350 1087 3393 estuarem.
1122 3344 1177 3394 Eu-

172 3417 290 3495 phormio
303 3430 442 3479 Lusininus
457 3429 530 3480 satir.
546 3445 602 3493 pag.
615 3431 656 3480 41.
690 3428 750 3479 Non
766 3429 833 3479 modd
847 3432 955 3495 corporis
968 3431 1055 3481 morbis
1069 3434 1177 3499 imperat,

172 3518 216 3568 sed
225 3519 346 3567 aleaume
358 3518 440 3566 mentis
450 3516 534 3567 vulnus
545 3518 614 3567 etiarn
625 3518 676 3566 sine
686 3518 795 3568 cicatrice
805 3516 985 3568 obducit-W.
1087 3567 1094 3572 ,

226 3690 311 3744 Vnus.
337 3689 517 3742 rependite
543 3691 653 3757 lumina]
694 3691 789 3755 Tangit
810 3692 895 3751 ritum,
922 3693 1016 3743 Graecis
1038 3694 1131 3756 pariter
1152 3703 1179 3745 et

175 3778 299 3829 Romanis
310 3777 511 3837 usitatissimum,
528 3786 681 3828 martuorum
692 3778 780 3828 oculos
792 3777 932 3841 sugillandi,
950 3785 1015 3827 teste
1029 3778 1175 3830 Plutarcho.

175 3869 293 3932 Propert.
328 3868 433 3918 Condita
443 3874 498 3917 sunt
508 3867 587 3916 vesbd
598 3866 685 3916 lumina
696 3873 778 3914 uostra
789 3882 869 3914 nanu.
906 3865 1004 3914 Meurs.
1018 3867 1050 3915 ad
1062 3868 1176 3932 Lycoph.

172 3973 199 4021 p.
213 3957 268 4006 loa
301 3955 449 4005 Kirchman.
464 3955 494 4003 de
506 3953 613 4003 funerib.
631 3953 706 4003 Rom.
719 3951 763 4002 lib.
778 3966 796 4000 1.
813 3967 866 4015 cap.
881 3954 904 4001 6.
943 3952 1016 4001 Livia
1026 3955 1092 4018 apud
1103 3955 1179 4005 Albi.

171 4058 312 4093 novanum:
343 4042 382 4092 Tu
392 4059 443 4091 mea
451 4041 539 4092 condas
550 4040 645 4090 lumina.
685 4039 753 4088 Hinc
766 4038 926 4102 sepulchrum
938 4040 1077 4103 appellatur
1090 4041 1179 4092 Condi-

172 4130 299 4181 tiuumval
315 4129 487 4180 conditorium.
526 4129 628 4186 Seneca,
641 4127 714 4191 epist
729 4129 768 4178 60.
811 4127 862 4187 Qui
873 4129 927 4178 uerd
940 4128 1034 4179 latitant
1045 4138 1069 4179 et
1078 4138 1178 4195 torpent,

172 4219 196 4267 si
207 4219 232 4267 in
242 4218 309 4268 domo
321 4226 384 4277 sunt,
401 4225 514 4282 tanquam
524 4219 550 4266 in
561 4216 686 4266 conditiva.
725 4215 867 4265 Petronin
879 4215 953 4266 Satir.
984 4217 1015 4265 In
1025 4217 1179 4269 conditorium
