2706 5040
171 505 214 568 38
615 516 727 560 uorrs.

171 689 205 736 ire
217 693 274 751 post
291 691 382 734 mortes.
399 682 443 732 lib.
462 684 485 732 6.
504 696 543 744 ep.
558 682 599 731 ss
617 687 702 729 mortes
712 694 840 728 servorum.
868 677 969 727 Rursus
981 677 1026 727 lib.
1040 680 1064 728 3.
1083 694 1121 742 ep.
1134 680 1170 728 64.

170 773 269 824 blandas
281 779 373 821 mortes.
407 770 444 820 Et
459 770 503 819 lib.
521 771 545 819 9.
559 785 599 832 ep.
622 768 675 817 104.
704 766 925 816 Fecundomoetuit
939 768 1053 830 reparari
1067 766 1173 816 mortibus

170 862 277 927 hydram.
317 859 441 911 Gunther.
460 858 504 908 lib.
529 859 608 906 lov,
629 857 684 905 341.
708 863 794 904 nrortes
807 855 947 920 funduntur
967 855 999 904 ab
1016 856 1102 904 cctlrere
1120 864 1171 905 toto.

174 949 294 998 Prudent.
306 950 330 998 2
344 949 370 996 in
381 945 521 1011 Symmaeh.
553 945 593 994 Tu
600 952 684 994 mortes
695 945 831 992 miserorum
842 943 959 991 bominum
969 942 1095 1006 prohibeto
1105 942 1174 992 litari.

176 1038 226 1089 Sed
243 1053 319 1086 manu
335 1035 476 1093 serendum,
499 1050 549 1084 non
569 1049 649 1092 succo,
675 1031 794 1081 monebat
819 1030 955 1079 Pindarum
978 1029 1172 1081 Corinna-W.

176 1126 290 1190 Eidem]
335 1125 454 1183 αἰπόλος,
487 1122 636 1188 αἱγελὰτης,
671 1121 822 1186 αι’γοπόλος,
857 1118 990 1182 caprarium
1025 1119 1176 1183 Ziegenhirt.

177 1214 257 1264 Siber.
271 1214 297 1261 in
313 1214 420 1264 Gemma
436 1228 461 1276 p.
472 1213 529 1261 441.
554 1211 585 1261 P.
603 1210 686 1260 Nono.
703 1210 735 1258 ad
756 1208 847 1272 Eclog.
862 1210 887 1257 3.
908 1209 981 1272 Virg.
1028 1208 1174 1274 Bomos]

171 1302 307 1365 βουκόλος,
330 1302 488 1366 brendonum
511 1299 683 1359 armentarius,
706 1306 791 1362 pastor
811 1298 925 1357 armenti,
951 1297 1056 1347 Riihirt.
1097 1299 1173 1348 Siber.

172 1391 231 1440 ibid.
240 1399 267 1441 et
277 1390 362 1441 Gloss.
401 1390 544 1455 Turnus]
565 1389 653 1439 Servio
664 1397 704 1438 est
712 1390 775 1438 aries
786 1389 917 1438 ductarius.
940 1387 1037 1436 Priscis
1049 1386 1176 1436 AEolensi-

171 1479 219 1529 bus
238 1479 362 1542 significat
379 1495 485 1543 caprum.
519 1478 609 1541 scalig.
632 1493 650 1526 1.
675 1482 742 1542 po‘e'b
765 1493 786 1525 c.
812 1477 848 1525 12.
874 1476 987 1526 videatur
1010 1476 1131 1526 Becrnnn.
1151 1477 1176 1524 in

176 1568 300 1632 Originib.
314 1584 369 1632 pag.
381 1569 437 1618 500.
455 1565 566 1616 rumen.
581 1565 625 1616 ub.
642 1567 679 1615 rs.
693 1581 714 1614 c.
731 1565 847 1614 rn-w.

481 1842 596 1893 NOTAE
625 1842 674 1891 AD
702 1840 872 1891 CARMEN.

225 1994 310 2046 Vsus.
325 1990 531 2056 l.-Quidnam.]
558 1989 644 2040 Gloss.
660 1989 685 2039 ri
700 1990 743 2038 ἄν.
779 1987 907 2038 Theocrit.
925 1987 999 2052 Idyll.
1020 1990 1059 2039 10.
1076 2006 1138 2040 vers.
1155 1993 1173 2040 l.

319 2120 383 2185 ἔργα
395 2119 456 2170 τίνα
466 2119 581 2183 βουκαῖε,
599 2117 625 2167 ri
637 2120 686 2167 νῦν
699 2116 782 2181 ὀϊζνρὲ
795 2114 1026 2175 nerduinum-W.

176 2256 328 2322 solioum]
357 2256 442 2306 Gloss.
465 2263 493 2305 et
512 2254 644 2305 Onomast.
665 2252 783 2319 μονήρης
802 2259 829 2301 et
852 2251 997 2318 φιλέρημος.
1046 2252 1119 2301 Bene
1143 2251 1173 2301 D.

175 2346 296 2396 Bernhar.
313 2345 344 2394 de
360 2345 413 2394 vito
431 2343 524 2394 solitar.
544 2343 576 2392 od
593 2342 650 2393 frat.
668 2342 700 2392 de
719 2350 805 2393 monte
826 2341 888 2392 Dei:
917 2342 1027 2392 Solitudo
1044 2360 1127 2393 nomen
1145 2351 1176 2392 est
1225 2394 1231 2411 ,Ι

172 2435 280 2485 misniae.
320 2431 395 2492 Quod
409 2431 494 2481 forsan
508 2446 539 2480 ex
551 2430 596 2480 illo
612 2430 700 2479 Eccle.
717 2433 741 2480 4.
758 2446 781 2479 v.
798 2430 836 2478 10.
862 2430 904 2480 Vre
918 2429 1049 2480 soli-W.
1088 2431 1176 2480 Tristia

170 2522 267 2588 pernis]
287 2520 335 2580 Ita,
352 2518 423 2569 multa
436 2535 537 2584 pemeus.
559 2518 632 2582 virg.
643 2519 668 2566 5.
684 2517 746 2566 AEn.
760 2517 844 2582 βαρέα
860 2518 1000 2576 στενάζων,
1027 2519 1137 2582 Oppian.
1151 2521 1174 2571 2.

177 2610 299 2674 cyneget.
331 2606 398 2660 Vide
413 2606 541 2659 Vechner.
565 2604 726 2655 Hellenolex.
742 2621 760 2653 1.
780 2621 801 2654 c.
815 2605 918 2654 4.-W.
954 2605 1094 2671 Solioopus,
1111 2607 1177 2656 solus

173 2698 290 2748 oberrans
313 2704 339 2746 et
360 2695 491 2744 hominum
514 2694 721 2745 consuetudinem
743 2692 832 2744 vitans.
883 2694 968 2745 Gloss.
994 2703 1020 2745 et
1047 2696 1178 2746 Ononast.

173 2786 290 2851 μονήρης
313 2793 340 2835 et
359 2785 504 2851 φιλέρημος.
542 2785 632 2835 Moesti
649 2784 810 2834 solitudinem
828 2792 919 2834 ornant.
957 2784 1018 2836 Vid.
1041 2793 1128 2835 notata
1148 2785 1178 2834 ad

177 2876 296 2940 Calpurn.
318 2875 352 2924 Ε.
372 2875 425 2935 ΙΧ,
447 2877 488 2933 29,
512 2882 539 2924 et
555 2873 607 2922 XI.
623 2875 660 2922 12
700 2872 790 2924 Cicero
806 2873 837 2921 de
855 2872 928 2922 offic.
950 2872 972 2930 Ι,
992 2873 1032 2930 44,
1049 2872 1179 2938 soliuopum

174 2963 333 3026 cognitionen
355 2963 425 3022 dicit,
458 2979 514 3026 quae
536 2961 682 3012 societatem
705 2961 835 3011 hominum
858 2960 975 3012 tuendam
998 2978 1050 3011 uon
1074 2971 1177 3026 spectat,

174 3067 221 3100 nec
232 3051 320 3102 usibus
331 3050 439 3116 publicis
450 3051 637 3100 accommodata
648 3050 845 3100 est.-Wnnus

225 3229 311 3283 VERS.
327 3230 509 3280 2-Demissis
528 3230 634 3295 praviter
650 3228 797 3294 luminibus]
821 3227 896 3277 Nullo
909 3244 970 3292 pars
987 3235 1022 3276 est
1036 3229 1062 3276 in
1081 3228 1179 3285 bomine,

174 3316 257 3379 inquit
268 3317 294 3365 in
308 3316 414 3366 Satirico
430 3317 588 3380 Euphormio
598 3317 737 3366 Lusininus
745 3310 800 3380 pag.
815 3318 854 3374 36,
872 3333 924 3380 qua
935 3311 1011 3380 mapis
1022 3332 1073 3364 cum
1085 3317 1180 3364 arcanis

174 3404 299 3469 affectibus
309 3406 447 3463 consentiat,
465 3422 535 3469 quom
547 3405 615 3454 oculi.
651 3405 763 3470 Ampium
775 3413 797 3454 et
811 3405 978 3469 quodammodo
992 3412 1095 3469 repetam
1107 3406 1180 3454 aciem

174 3509 221 3542 non
238 3493 286 3541 nisi
301 3492 382 3555 mupm'
397 3498 419 3539 et
439 3492 514 3541 vividi
532 3493 632 3556 spiritus
653 3493 727 3542 alunt.
768 3493 890 3543 Blandior
906 3511 935 3543 oc
953 3493 1015 3543 velut
1031 3492 1179 3552 illecebrosa,·

166 3581 263 3647 sarciles,
281 3597 323 3630 nee
337 3580 438 3629 omnium
450 3580 528 3629 bostes
540 3579 693 3645 voluptatum,
711 3590 784 3631 notat.
823 3582 867 3631 Sic
883 3589 997 3647 anpustus
1012 3580 1101 3639 oculus,
1118 3590 1141 3629 et
1156 3584 1181 3630 in

175 3672 245 3720 imum
256 3686 372 3721 carcerem
382 3670 513 3736 dffupiens,
527 3671 630 3718 animum
638 3688 757 3734 nunquam
765 3679 924 3737 assumentem
932 3670 1068 3742 sublimibus
1076 3671 1181 3720 consiliis

175 3767 198 3808 et
215 3761 381 3826 copitotionum
400 3759 569 3825 mapnitudine,
594 3759 685 3824 prodit.
726 3760 764 3808 Ar
782 3778 837 3810 vero
857 3777 908 3810 cum
930 3758 1011 3823 aliquo
1031 3760 1181 3823 perturbatio

175 3850 287 3897 attonitos
302 3850 389 3913 capitis
407 3850 507 3914 spiritus
522 3848 635 3914 confudit,
660 3856 686 3897 ut
700 3851 755 3913 jam
774 3851 875 3898 omnium
894 3848 1045 3898 membrorum
1063 3866 1139 3898 necrus
1159 3858 1183 3898 et

175 3935 270 3984 vincula
291 3953 354 4000 oepre
381 3940 526 3996 sustineant;
553 3947 601 3988 tum
623 3940 689 3987 norm
707 3941 836 4004 precipue,
863 3941 951 4002 quiea
970 3937 1083 3986 altissimo
1103 3939 1181 4000 capite

176 4025 329 4071 transversim
343 4026 368 4071 in
383 4025 460 4074 oculos
473 4026 621 4086 descendunt,
644 4029 757 4077 viciniore
770 4027 829 4077 niolo
844 4027 960 4085 laborant,
981 4035 1003 4074 et
1017 4026 1121 4075 crebrius
1137 4028 1181 4073 rni-

176 4108 283 4158 cantibus
301 4109 374 4159 oculis
390 4111 503 4161 occultum
519 4116 593 4163 animi
607 4115 710 4164 morbum
729 4114 800 4164 livido
820 4132 849 4165 oc
869 4117 931 4164 truci
950 4123 1046 4179 asqrcctu
1065 4116 1177 4178 pinpunt.

179 4198 216 4248 Et
225 4214 282 4247 vero
294 4199 410 4249 Achilles
423 4200 512 4251 Tatius
524 4202 566 4252 lib.
579 4205 603 4262 6,
619 4203 648 4252 de
660 4203 771 4267 Clitoph.
785 4212 809 4252 ct
824 4203 928 4266 Leucip.
937 4218 1014 4252 arnor.
1029 4203 1042 4251 ὁ
1056 4205 1105 4268 γὰρ
1118 4204 1181 4258 νοῦς
