2706 5040
621 563 733 606 NOTAE.

403 743 433 784 Es
446 741 514 794 pnegt
526 741 550 783 in
563 741 602 783 der
614 740 675 783 Welt
687 751 713 783 so
726 751 755 783 zu
767 740 825 792 genn

425 816 483 858 Dass
495 815 599 867 Ungluck
611 815 707 857 hinterm
720 815 794 858 Gluck
805 815 857 858 thut
870 814 942 866 stehn,

402 888 470 932 Gwin
482 889 530 931 und
542 888 638 938 venusi,
652 889 736 930 Frewd
748 889 795 931 und
810 891 914 939 tmwren,

422 962 477 1005 sind
490 962 540 1004 sehr
552 963 597 1003 neh
609 963 726 1005 vernundt
740 962 903 1012 Nuehbawren,

404 1036 495 1088 Regiert
507 1035 568 1078 einer
580 1037 635 1078 umb
649 1036 692 1078 den
706 1037 797 1088 andem,

426 1110 491 1153 Wers
502 1109 566 1152 nieht
576 1110 651 1153 leiden
663 1111 715 1163 kun,
728 1121 780 1163 mus
793 1112 906 1154 mandem.

179 1242 220 1293 Itu
230 1241 433 1306 quoque-[Euo
444 1243 529 1292 mestit
538 1241 627 1292 ecculm
643 1259 739 1293 nemus.-

403 1377 499 1426 Puneto,
511 1376 609 1428 sequanis
621 1376 678 1428 iunii
691 1378 766 1431 efflatu
776 1378 843 1431 perit.

409 1450 493 1503 Vipera
505 1450 561 1491 lento
574 1454 651 1492 nostra
663 1455 762 1492 creseunt
774 1462 882 1505 corporae

403 1523 484 1565 Statim
497 1523 617 1565 labascunt.
646 1525 720 1564 Tarda
732 1525 837 1566 virtutum
849 1526 937 1578 apstine

404 1599 455 1641 out
467 1599 625 1653 opprimuntur,
641 1610 684 1639 nun
696 1599 828 1640 reviviscunt
840 1600 889 1642 citi.

176 1727 245 1791 quod
263 1725 349 1792 argute
366 1727 392 1776 in
411 1726 490 1778 Iamb.
513 1727 607 1779 Gnom.
627 1742 677 1777 see.
700 1728 741 1776 32.
766 1726 888 1791 seriptum
908 1727 1010 1792 reliquit
1026 1728 1179 1779 eruditorum

175 1814 301 1879 princeps,
317 1814 508 1880 litterarumque
523 1814 630 1865 dictator
645 1831 674 1864 ec
686 1830 776 1879 parens
788 1813 893 1879 Joseph.
911 1815 1027 1880 Scaliger,
1045 1818 1180 1867 maximum

176 1902 281 1952 Natum)
292 1917 355 1967 opus
367 1909 401 1962 et,
416 1901 475 1952 dum
487 1902 545 1961 fuit,
562 1902 797 1953 miraculum-W.
835 1903 895 1954 Hoe
905 1920 979 1954 versu
990 1904 1046 1954 muli
1056 1921 1102 1970 pro
1113 1904 1181 1955 mulis

175 1989 232 2040 vult
251 1988 315 2040 Ant.
340 1989 371 2039 de
388 1989 471 2055 Rooy,
492 1989 578 2054 Spicil.
596 1989 660 2042 crit.
677 2007 702 2055 p.
724 1992 778 2049 156,
796 1991 855 2055 quie
869 1991 929 2041 meli
943 1993 1065 2043 vocabulo
1077 1993 1180 2044 morbus

175 2077 298 2142 pestilens
310 2084 336 2127 et
347 2078 507 2142 contagiosus
518 2078 568 2127 dici
579 2078 652 2137 solet,
670 2078 700 2127 de
713 2094 763 2143 quo
774 2095 833 2130 mox
843 2079 932 2144 incipit
943 2096 1092 2131 memorare:
1118 2080 1181 2131 Hoee

167 2168 224 2232 jam
234 2165 408 2217 diraluetetc.
446 2166 645 2228 SicLueretius,
667 2167 717 2228 VI,
736 2170 811 2220 1176:
836 2165 890 2220 Nec
900 2171 992 2234 requies
1003 2176 1056 2219 erat
1066 2168 1113 2219 ulla
1124 2169 1181 2219 muli

174 2254 268 2321 defessa
276 2254 393 2320 jacebant
405 2253 523 2320 Corpora.
563 2256 692 2308 claudian.
707 2258 733 2306 in
746 2258 822 2309 Eutr.
836 2259 873 2319 11,
890 2259 950 2310 568:
976 2258 1027 2309 Hei
1037 2258 1102 2318 milti,
1119 2275 1180 2324 quus

174 2343 323 2394 nrbes-urm
334 2351 466 2410 rapuerunt
473 2343 560 2410 prelia
571 2346 800 2398 eursu-Wnnns

226 2520 312 2575 Vnus.
324 2520 469 2572 2l.-Dira
483 2523 552 2589 lum]
574 2523 650 2575 Ovid.
665 2523 773 2575 Meum.
784 2527 808 2577 7.
820 2541 845 2576 v.
856 2525 913 2576 521³.
938 2523 1008 2574 Dira
1019 2524 1069 2574 lues
1082 2522 1180 2590 populu

175 2610 267 2660 incidit.
275 2609 321 2661 inf.
332 2627 356 2661 v.
367 2612 421 2662 113.
434 2628 499 2663 saeua
506 2611 563 2664 lues.
585 2612 706 2663 Prudent.
720 2613 860 2677 Hamartig.
870 2628 894 2663 r.
905 2614 962 2664 861.
985 2612 1054 2673 Quae
1061 2611 1179 2670 diruiuer,

174 2716 288 2764 errorque
302 2699 420 2766 nselmum
433 2701 546 2751 immersit
559 2701 745 2751 tenebris-W.
785 2701 899 2768 Supero]
920 2702 1050 2752 Ammien.
1064 2701 1179 2751 Marcell.

174 2789 220 2840 lib.
236 2789 275 2840 19.
296 2788 383 2840 Clades
393 2788 434 2840 illa
445 2790 550 2853 abusque
558 2790 666 2855 feruenti
677 2788 812 2854 AEilsiepioe
818 2789 894 2855 plupci
901 2789 1019 2854 paulatim
1027 2806 1179 2855 proserpens.

176 2877 280 2927 Lueret.
298 2876 343 2928 lib.
365 2879 389 2927 6.
407 2892 430 2928 v.
455 2877 643 2942 ileu-Atque
658 2880 701 2928 ai'r
719 2879 827 2928 inimicus
842 2895 936 2943 serpere
951 2879 1028 2943 eupit.
1061 2878 1133 2941 Virg.
1152 2880 1177 2928 8.

177 2965 273 3029 Georg.
284 2980 308 3014 v.
322 2965 378 3015 369.
413 2963 483 3014 Dira
497 2982 543 3030 per
557 2966 677 3015 incautum
689 2974 787 3031 serpant
800 2967 910 3031 cantapia
925 2965 1016 3032 vulqus.
1054 2965 1176 3016 Prudent.

174 3067 192 3101 1.
201 3051 227 3101 in
240 3052 382 3116 Symmseh.
392 3067 417 3102 v.
426 3053 482 3102 538.
500 3052 615 3118 serpente
623 3071 717 3104 venerio.
742 3053 833 3104 Weits.
851 3052 933 3104 Simili
942 3052 1051 3118 metaph.
1062 3051 1179 3120 ἕρποντα

174 3125 304 3208 iunipirus
316 3142 441 3202 dicuntur,
460 3141 554 3192 Pollux
565 3143 590 3193 4.
607 3143 648 3192 25.
663 3142 791 3193 extu-S.

227 3319 313 3372 Vens.
326 3317 515 3385 uu-Prtum]
535 3317 612 3368 Aderi
626 3318 690 3368 nulle
705 3320 769 3368 natio
783 3318 827 3368 sub
841 3317 899 3369 Sole
910 3325 952 3377 est,
969 3335 1022 3382 quoe
1035 3335 1083 3368 non
1094 3316 1181 3368 iubeat

175 3407 334 3472 querimonias
353 3414 376 3455 et
391 3407 570 3472 oppressiones.-
595 3407 662 3470 quod
681 3406 781 3470 ingenio
801 3406 910 3457 discreto
927 3414 954 3457 et
971 3407 1022 3456 alti
1041 3405 1180 3457 eruditione

174 3495 281 3559 insignis
295 3496 326 3545 P.
339 3494 436 3546 Matth.
453 3495 516 3545 dicit
529 3495 574 3546 lib.
591 3497 616 3545 2.
634 3495 693 3545 hist.
711 3511 766 3560 pag.
783 3497 837 3546 197.
872 3496 910 3546 Et
927 3496 981 3546 Ate
997 3494 1046 3546 istu
1061 3495 1181 3560 pestifere

175 3585 331 3650 perambulat
352 3585 419 3634 hune
441 3584 536 3645 orbem,
560 3584 646 3634 nescio
666 3585 792 3649 quomodo
814 3585 892 3649 magis
912 3586 986 3641 celeri
1008 3584 1080 3649 pede,
1105 3582 1180 3648 quim

175 3672 286 3722 eundidae
297 3672 371 3723 Litae.
384 3671 454 3737 Lips.
464 3681 529 3723 cent.
544 3688 562 3723 1.
576 3672 680 3723 miscell.
695 3672 769 3737 epist.
780 3674 821 3722 91.
838 3673 899 3722 Inde
910 3672 1034 3722 Pindarus
1048 3671 1122 3721 Nem.
1132 3685 1178 3720 vu.

175 3763 277 3813 Κοινὸν
294 3762 398 3828 ἔρχεται
415 3766 472 3828 κῦμ’
485 3761 569 3820 ἀΐδαο,
589 3761 650 3812 πέσε
668 3761 690 3810 δ’
706 3761 836 3822 ἀδόκητον
850 3762 878 3811 ἐν
896 3762 939 3810 καὶ
956 3759 1086 3810 δοκέοντα.
1122 3758 1179 3807 Να-

173 3851 265 3900 scentia
276 3852 388 3900 terminus
399 3859 480 3917 πνρας
500 3848 574 3916 juxta
586 3850 619 3900 D.
635 3849 760 3899 Hilarium
771 3849 798 3898 in
814 3848 909 3899 Genesi
920 3863 984 3898 vers.
998 3845 1118 3896 22.-W.

226 4026 311 4080 Vsus.
325 4028 507 4081 24.-00me1.
525 4026 608 4081 Valer.
623 4025 716 4079 Vonck
727 4024 753 4074 in
764 4024 837 4074 Leet.
851 4023 908 4074 Lat.
918 4023 962 4074 lib.
976 4038 1005 4084 11,
1022 4039 1044 4073 e.
1058 4026 1082 4084 5,
1098 4023 1181 4088 legere

174 4117 272 4167 mavult
288 4125 311 4167 et
326 4118 399 4182 impio
414 4117 503 4168 Morsu
520 4133 562 4167 nos
581 4132 672 4181 quoque
690 4131 752 4164 nune
767 4115 836 4179 petit,
858 4120 934 4176 etque
950 4113 976 4162 id
991 4112 1100 4176 quidem,
1122 4112 1181 4176 quia

172 4205 304 4270 praecessit
314 4221 388 4257 versu
398 4207 432 4257 20
444 4206 537 4257 Cursus
549 4213 596 4255 tam
608 4206 667 4254 citus
678 4212 712 4253 est
724 4202 948 4254 mulis-Weiss.
