2706 5040
618 558 731 603 norm.
1136 540 1178 602 63

224 722 308 775 Vnus.
327 721 657 788 l·2.‘l.-Errorsmueterem.]
684 720 790 772 Veterem
799 720 908 771 Deorum
917 719 1040 770 culturam.
1058 720 1179 772 Prudent.

175 810 311 875 Psychom.
331 826 354 860 v.
367 811 408 861 29.
426 809 498 860 Beni
514 807 632 875 cyprian.
648 817 735 859 contre
746 808 819 872 epist.
834 807 923 872 Steph.
958 807 1044 872 Neque
1054 808 1114 858 enim
1125 825 1181 860 eon·

173 898 279 958 suetudo,
297 915 350 964 quae
365 898 433 966 apud
444 897 557 964 quosdam
571 899 708 963 irrepserat,
725 897 838 962 impedire
851 896 925 957 debet,
941 912 988 962 quo
1002 897 1079 946 minus
1093 897 1181 946 ueritas

169 985 303 1052 prevaleat
317 993 341 1036 et
356 987 444 1038 uinoat.
480 985 547 1036 Nam
563 985 704 1036 minuendo
718 985 769 1034 sine
783 986 891 1043 seruate,
907 991 1013 1034 uetustas
1027 985 1116 1033 erroris
1132 990 1177 1034 est:

169 1083 270 1142 propter
292 1076 364 1141 quod,
391 1073 471 1125 relicto
495 1090 582 1133 errore,
609 1090 735 1138 sequamur
762 1072 970 1124 ueritatem-W.
1015 1071 1180 1138 Diffupiam.]

176 1163 284 1217 Restitit
298 1165 347 1229 leg.
364 1163 572 1230 defupiam.-W.
607 1163 722 1214 Errorem
739 1170 844 1222 veterem
861 1163 887 1212 h.
904 1178 927 1213 e.
944 1161 1057 1213 Deorum
1073 1161 1178 1211 cultum.

178 1253 220 1304 sie
234 1252 358 1304 Prudent.
377 1252 403 1301 in
422 1251 517 1317 Symm.
537 1252 558 1311 I,
575 1253 623 1304 507
631 1274 636 1302 z
667 1251 766 1302 Talibus
783 1252 865 1303 edistis
879 1251 936 1302 urbs
951 1252 1078 1318 irp'ormata
1092 1252 1181 1318 retiepit

174 1340 280 1392 Errores
295 1347 390 1391 veteres
425 1340 568 1407 Diffispiam
582 1339 660 1390 edidit
674 1339 743 1391 Pith.
761 1340 880 1405 desapiam
892 1339 947 1389 vult
961 1339 1091 1389 Weitzius.
1131 1339 1181 1390 Sed

175 1429 227 1480 lime
238 1429 306 1489 telis,
326 1437 355 1479 ut
365 1428 487 1493 diffugere
501 1437 527 1479 et
541 1427 667 1492 defugere,
684 1427 823 1478 diffundere
835 1435 861 1477 et
872 1426 1016 1487 defundere,
1033 1428 1180 1492 distringere

176 1525 201 1568 et
215 1517 377 1580 destringere,
394 1532 458 1581 supe
475 1523 655 1581 permutantur,
673 1523 702 1566 ut
717 1514 824 1565 difficilis
840 1514 874 1566 sit
888 1514 987 1573 electio.
1007 1515 1116 1566 Anthol.
1134 1516 1179 1566 lst.

177 1605 265 1656 Burm.
285 1604 330 1656 lib.
354 1604 375 1665 Ι,
398 1621 438 1670 ep.
460 1605 504 1656 85:
535 1603 678 1670 Diffupiens
693 1610 792 1670 pontum
807 1601 881 1654 siluas
901 1601 1005 1654 Galatea
1020 1612 1181 1668 peragrat.-

181 1691 290 1744 Wnnns.

227 1870 312 1924 Vnns.
331 1869 488 1921 lut-Nan
496 1869 603 1936 sallom]
631 1868 741 1934 Egregie
754 1868 869 1918 Lnotnnt
881 1867 925 1918 lib.
939 1870 962 1918 4.
980 1882 1034 1931 esp.
1048 1868 1071 1916 3.
1097 1866 1183 1918 Teneri

177 1961 232 2027 erpd
244 1961 333 2011 unitas
344 1975 391 2009 mon
398 1966 485 2024 potest,
502 1958 543 2009 uiri
553 1957 621 2008 loma
631 1957 691 2007 idem
703 1955 780 2007 multis
788 1955 900 2021 patribus
911 1954 1056 2020 dominisque
1066 1954 1183 2020 sum'eetus

176 2057 217 2109 est,
235 2048 276 2100 uti
291 2050 391 2107 animus,
408 2049 433 2097 in
448 2046 520 2096 mula
534 2047 663 2113 dispersim,
679 2046 725 2096 lino
738 2054 809 2110 atque
823 2043 878 2094 illue
891 2044 1028 2109 divagatur,
1044 2060 1087 2092 nee
1096 2042 1182 2092 labem

177 2137 247 2188 ullam
257 2137 397 2199 firmitatem
406 2142 492 2202 potest,
509 2135 674 2200 quandoeerto
686 2142 709 2184 et
719 2132 798 2184 stabili
808 2132 925 2183 domicilio
935 2132 1097 2198 relipioearet.
1124 2131 1182 2182 Cul-

177 2232 215 2276 tus
230 2226 305 2292 ipitnr
318 2223 429 2274 Deorum
441 2224 552 2274 serieres
567 2239 613 2272 non
626 2229 743 2288 possunt:
768 2221 846 2271 eodem
858 2220 932 2279 modo,
949 2221 997 2285 qut
1011 2222 1182 2271 matrimonium

177 2312 224 2363 diei
241 2328 288 2362 non
304 2319 391 2377 potest,
408 2310 450 2361 ubi
461 2309 543 2360 mulier
559 2327 607 2360 una
621 2309 704 2360 multoe
718 2311 783 2360 uiros
793 2308 870 2368 labet,
887 2308 929 2358 sed
941 2307 991 2359 luere
1007 2316 1050 2359 aut
1063 2311 1183 2370 meretrix,

179 2407 221 2450 aut
232 2397 338 2450 adultera
349 2397 521 2448 nominabitur:
546 2397 625 2462 siqui
636 2400 696 2448 enim
708 2398 796 2463 pudor,
814 2399 920 2456 castitas,
932 2397 997 2461 fides
1007 2398 1080 2457 abest,
1097 2400 1184 2449 uirtute

177 2495 258 2538 eareat
273 2503 365 2538 neeesse
384 2493 426 2537 est.
464 2486 509 2538 Sic
525 2494 548 2536 et
564 2486 646 2553 religio
661 2486 771 2538 Deorum
786 2487 905 2552 impudica
919 2495 956 2538 est
971 2495 994 2538 et
1007 2489 1105 2546 ineerta,
1125 2489 1182 2552 quia

171 2575 225 2639 fide
246 2582 318 2633 caret,
340 2575 398 2640 quia
417 2574 491 2625 tonos
510 2573 628 2626 instabilis
646 2582 669 2625 et
688 2576 798 2633 insertus,
821 2582 895 2640 eaput
916 2583 986 2640 atque
1004 2577 1117 2642 originem
1136 2593 1184 2627 nom

178 2661 334 2714 lirim-W.

230 2839 308 2892 Vnus
322 2838 470 2890 ltu-Jam
477 2845 594 2904 properat
605 2854 668 2888 mens
679 2854 729 2888 mea
740 2839 837 2904 visere]
856 2837 935 2898 Quasi
945 2844 1017 2888 totam
1028 2854 1053 2887 se
1061 2839 1185 2906 effluamus

64 2926 69 2931 ’
178 2927 431 2993 inconcaptmearinn,
448 2925 516 2992 lonpo
524 2926 578 2989 stne
588 2942 704 2991 suspensa
713 2920 839 2994 defectiones
850 2924 993 2975 dissolvitur.
1014 2926 1048 2976 D.
1062 2926 1183 2980 Ambros.

179 3016 206 3067 in
221 3015 288 3066 Psal.
306 3015 360 3066 118.
380 3013 459 3066 Serm.
474 3028 503 3064 11.
541 3013 669 3067 Videntur
680 3023 764 3065 nutem
776 3014 829 3063 hoec
840 3013 953 3063 desumto
965 3029 996 3064 ex
1010 3014 1077 3064 Pssl.
1095 3016 1184 3067 121.-

182 3103 223 3153 W.
259 3103 383 3169 Properat
398 3104 493 3169 uisus]
521 3102 681 3154 Grmeismus.
703 3103 744 3153 Its
763 3103 867 3153 Terent.
889 3102 982 3168 Heeyr.
1000 3118 1019 3153 1.
1035 3105 1060 3154 2.
1089 3104 1184 3157 Nostra

179 3190 241 3243 illisi
252 3192 272 3242 it
282 3192 358 3242 rums
367 3190 401 3242 ad
410 3207 469 3242 sam.
491 3190 617 3244 Vechner.
631 3190 780 3241 hellenolex.
792 3205 809 3240 ι.
830 3204 885 3255 pag.
902 3191 1034 3242 ltu-w.

231 3367 318 3423 Vsus.
331 3367 616 3435 127.·-Conpredimur.]
637 3367 777 3434 βαδίζομεν
789 3369 863 3435 ἄμφω
872 3369 902 3420 nir
910 3371 1014 3436 μακρὰν
1024 3369 1093 3423 ὁδόν.
1116 3372 1185 3425 Con-

181 3451 258 3522 gredi,
281 3456 356 3506 simul
373 3457 417 3508 ire.
443 3455 513 3507 Rsrd
531 3456 633 3507 obvium
652 3457 701 3507 hou
718 3455 745 3506 in
765 3456 915 3522 significatu.
934 3458 1019 3522 itaque
1039 3461 1184 3514 notandum.

182 3544 315 3596 Onomast.
330 3544 508 3612 avulsurpiiu,
524 3545 670 3612 congredior.
693 3545 767 3596 Alite
783 3546 869 3598 Gloss.
888 3546 1014 3609 Conditor,
1040 3552 1185 3618 συμβάλλει

181 3634 280 3700 μάχην.
296 3633 446 3700 Compressis,
464 3634 481 3696 ἡ
499 3633 647 3687 συνσταδὸν
663 3635 824 3702 pipp-W.
864 3634 985 3703 Conpredi
1001 3655 1047 3703 pro
1058 3643 1186 3706 unnpnri.

182 3730 269 3786 terque
283 3721 320 3771 ire
334 3721 454 3786 positum,
471 3737 527 3773 raro
541 3722 691 3787 significatu.
728 3723 760 3773 In
774 3723 830 3773 nliis
843 3731 926 3774 tumen
939 3724 1063 3776 similibus
1075 3728 1185 3780 erebrius

181 3808 223 3860 hic
235 3810 340 3870 obtinet,
358 3819 387 3861 ut
400 3811 426 3859 in
441 3813 555 3878 eosp‘erre,
572 3811 671 3874 quondo
683 3809 808 3875 significet
818 3825 869 3861 unu
879 3826 936 3861 cum
948 3811 998 3863 ulio
1009 3812 1082 3863 serre.
1110 3815 1183 3882 Virg.

185 3898 218 3951 G.
241 3899 371 3959 111,1os2
402 3916 458 3965 eope
477 3899 578 3965 praelum
596 3900 702 3965 eorp‘errs
716 3900 841 3964 juusneos.
889 3898 986 3950 Statius
1006 3900 1067 3951 Silv.
1088 3902 1185 3964 111,s,

182 3989 226 4040 tu:
252 3989 311 4056 Ipse
326 3988 376 4048 tuli,
398 4005 458 4054 quos
473 4005 536 4039 nuno
553 3987 597 4038 tibi
612 3989 707 4054 sospem
724 3995 827 4052 questus.
865 3987 903 4040 Et
919 3990 1024 4055 conferre
1039 3990 1118 4057 legem,
1140 4009 1187 4058 pro

183 4077 259 4127 simul
270 4086 297 4128 et
308 4078 394 4128 eodem
408 4085 521 4142 tempore
533 4076 606 4137 serre,
618 4076 682 4127 dixit
692 4076 781 4127 Livius
793 4076 844 4136 IV,
858 4077 881 4137 4,
896 4081 919 4129 9.
958 4077 1056 4129 Eodem
1069 4081 1186 4144 pertinet,

184 4166 250 4230 quod
267 4175 307 4217 est
323 4166 350 4215 in
366 4165 448 4230 lupide
464 4166 569 4230 antiquo
584 4165 651 4230 opud
670 4165 843 4216 Flestwodum
861 4183 886 4231 p.
905 4169 962 4227 300,
984 4167 1126 4234 supremum
1134 4170 1188 4235 serti

184 4255 321 4319 competiere
332 4253 400 4313 diem,
417 4254 442 4303 h.
456 4253 532 4303 simul
544 4253 798 4319 petieru-Wnnnn
