2706 5040
573 535 789 601 LECTORI.
1164 540 1186 602 3

248 717 344 782 Unde
359 719 420 785 Vir
435 719 662 806 Amplissimus
679 722 859 787 evolvendis
882 744 939 807 per
960 723 1026 788 otia
1048 722 1185 786 librariis

180 828 300 912 pluteis
330 852 410 914 quos
438 841 552 895 nactus
582 843 631 895 est
665 833 786 897 affatim
821 832 974 916 copiosos,
1011 842 1122 895 suetus
1150 854 1184 894 se

180 939 351 1017 oblectare,
388 941 531 1004 incidens
565 943 601 1005 in
639 943 785 1006 carminis
823 942 920 1028 hujus
948 941 1113 1026 exemplar
1141 962 1185 1004 cx

181 1050 332 1127 editione,
354 1073 419 1134 qua
438 1052 473 1115 id
490 1052 639 1136 dignatus
658 1052 722 1116 fuit
741 1052 812 1116 lot.
835 1053 996 1129 Weitzius,
1019 1051 1054 1114 in
1078 1051 1184 1114 sinum

179 1182 275 1224 suum
300 1183 455 1246 reponere
482 1184 548 1226 non
575 1163 731 1246 neglexit,
761 1171 800 1226 ut
819 1142 911 1246 saepe
937 1162 972 1225 in
998 1160 1123 1224 circulis
1150 1170 1184 1223 et

179 1271 389 1334 conventibus
403 1271 570 1355 proferret,
589 1295 664 1336 sane
679 1272 915 1357 tempestivum,
939 1294 1040 1356 quum
1054 1292 1184 1355 prorsus

179 1381 374 1464 exprimeret
400 1381 588 1446 calamitatis
612 1383 779 1467 praesentis
806 1382 954 1467 speciem.
1009 1379 1125 1465 Itaque
1149 1390 1183 1443 et

178 1489 267 1572 legit,
295 1500 329 1554 et
354 1491 525 1574 legendum
547 1492 644 1572 pariis
668 1492 810 1568 tradidit,
838 1503 968 1556 etcum
993 1491 1183 1554 mirabunda

178 1601 356 1664 attentione
376 1601 481 1664 audiri
501 1602 652 1679 sentiens,
675 1602 801 1686 putavit
818 1624 924 1686 operae
945 1602 1086 1686 pretium
1101 1601 1181 1678 fore,

177 1706 253 1770 fidei
271 1709 368 1771 etiam
389 1730 458 1772 suae
479 1731 515 1772 ac
533 1709 681 1792 dignitati
699 1710 898 1786 conveniens,
926 1710 953 1773 si
972 1709 1034 1773 hoc
1054 1732 1181 1773 carmen

177 1815 393 1879 innotesceret
407 1816 565 1894 omnibus,
582 1817 634 1880 vel
646 1839 710 1901 quo
722 1817 959 1901 gratuiarentur
971 1818 1042 1894 sibi,
1066 1818 1182 1901 quibus

178 1924 283 1988 adhuc
307 1946 345 1987 ea
366 1925 467 2008 pestis
488 1935 690 2009 pepercerat3
720 1936 759 1990 ut
780 1925 896 1990 dicitur
911 1927 947 1989 in
962 1926 1023 1990 hoc
1043 1926 1181 1989 carmine

176 2036 343 2098 transilire
367 2036 459 2111 alios,
490 2036 546 2100 sed
568 2036 624 2112 ita,
648 2046 686 2100 ut
702 2036 847 2100 videntes
869 2035 1000 2099 mirifice
1020 2036 1055 2099 id
1074 2035 1182 2118 vagari

176 2144 347 2208 induerent
359 2155 504 2209 sanctum
517 2154 687 2209 tremorem
702 2168 778 2242 erga
791 2145 835 2222 id,
859 2145 950 2230 cujus
962 2167 1000 2208 ea
1011 2155 1060 2209 est
1073 2155 1182 2229 potes·

177 2263 240 2330 tas3
256 2254 306 2316 vel
319 2254 436 2337 quibus
447 2254 503 2317 illa
513 2265 677 2333 nocuerat,
694 2255 850 2319 hactenus
861 2254 1044 2319 fruerentur
1055 2256 1179 2333 solatio,

177 2363 254 2426 dum
264 2363 447 2446 ignorantes
460 2374 554 2428 antea
565 2374 632 2428 tam
643 2388 737 2449 grave
747 2366 834 2429 sidus
847 2365 1017 2450 Europaeis
1029 2368 1180 2431 armentis

175 2471 369 2550 incumbere,
393 2484 427 2536 et
442 2484 613 2557 querentes
628 2475 739 2558 ignota
753 2498 787 2538 se
800 2475 887 2538 clade
903 2475 1051 2559 opprimi,
1075 2499 1119 2539 ex
1129 2477 1180 2539 his

175 2581 348 2660 versiculis,
372 2583 489 2666 quibus
506 2585 559 2642 οὔτ’
576 2587 623 2660 ἔαρ
638 2590 833 2661 γλυκερώτερον
849 2608 893 2648 ex
907 2585 1079 2650 Theocrito
1093 2598 1180 2650 recte

175 2692 319 2773 agnoscit
344 2692 504 2769 Wcitziur,
528 2692 634 2755 edocti
653 2704 861 2774 agnoscerent
878 2717 946 2757 esse
967 2695 1127 2778 quandam
1147 2706 1181 2759 et

174 2801 313 2863 armenti
334 2811 469 2885 pestem,
493 2810 527 2864 et
547 2801 603 2863 illo
617 2801 732 2884 utique
753 2812 897 2884 tempore
916 2811 950 2864 et
966 2803 1084 2865 saeculo
1098 2804 1179 2866 acci-

175 2911 260 2975 disse
274 2911 370 2988 idem,
394 2922 427 2976 et
446 2912 553 2976 forsan
568 2911 696 2995 saepius,
720 2911 776 2974 sed
793 2911 950 2975 oblivione
967 2935 1026 2997 per
1039 2923 1180 2978 vetusta-

174 3031 243 3085 tem
269 3031 303 3084 et
328 3021 486 3085 scribendi
513 3021 662 3085 inertiam
687 3043 753 3084 non
779 3020 956 3084 innotuisse
984 3022 1120 3106 posteris
1147 3033 1180 3088 et

174 3130 372 3200 intercidisse
386 3130 546 3195 notitiam.

240 3238 339 3306 Quod
365 3263 467 3324 quum
490 3239 689 3302 existimaret
711 3239 782 3301 fieri
804 3261 869 3302 non
887 3238 1003 3302 debere
1023 3240 1085 3303 nisi
1104 3263 1179 3306 cum

173 3351 283 3434 aliqua
297 3349 498 3434 praefatione,
523 3373 587 3434 qua
601 3348 716 3412 clarius
731 3359 957 3433 exponeretur,
981 3350 1090 3436 siqua
1110 3353 1180 3416 erui
1270 3424 1273 3432 Δ

174 3471 305 3546 possent
324 3460 374 3524 vel
398 3460 439 3523 ad
459 3459 607 3536 nominis,
631 3460 718 3542 quod
733 3459 876 3543 praefert,
899 3461 1086 3544 ampliorem
1107 3485 1180 3546 cog·

173 3572 339 3648 nitionem,
356 3570 407 3634 vel
422 3571 463 3632 ad
474 3569 573 3654 ipsius
586 3569 732 3632 carminis
746 3569 886 3633 indolem
898 3579 931 3632 et
946 3581 1089 3648 aetatem3
1107 3573 1179 3655 quis

146 3680 149 3687 '
174 3703 239 3744 non
265 3681 306 3744 ad
332 3679 524 3743 desiderium
553 3689 620 3742 tam
650 3701 781 3762 aequum
811 3678 896 3741 omni
925 3679 1179 3762 promptitudine

173 3798 301 3874 optaret
324 3789 530 3872 respondere3
558 3789 656 3851 immo
681 3787 839 3850 voluntati
863 3785 1123 3870 Conspectissimi
1146 3799 1180 3852 et

175 3898 410 3983 Sapientissimi
424 3897 498 3962 Viri
514 3919 704 3982 quacunque
720 3897 781 3959 ista
796 3918 893 3980 opera
906 3895 1075 3961 velificari?
1096 3921 1179 3982 prae-

171 4010 284 4074 sertim
304 4032 406 4094 quum
425 4009 459 4072 id
480 4008 596 4071 debere
615 4007 686 4070 fieri
706 4015 821 4088 cogant
841 4029 970 4091 quoque
990 4009 1087 4072 verba
1106 4010 1177 4073 Jot.

180 4121 318 4197 Weitzii,
341 4119 458 4204 quibus
472 4128 582 4202 aperte
597 4117 718 4180 fatetur
732 4139 815 4179 anno
834 4118 928 4195 1611,
952 4142 1016 4202 quo
1032 4119 1180 4185 XXXV

172 4230 312 4294 natalem
328 4252 422 4294 suum
437 4228 620 4304 celebravit,
644 4227 749 4311 ipsum
769 4227 870 4291 literis
887 4229 1086 4312 literatisque
1109 4241 1178 4293 tan-

890 4358 942 4409 132
