2706 5040
562 514 778 611 nnciam.
1158 521 1177 583 τ

174 703 195 734 “
208 708 272 762 tam
292 699 484 764 Cametaram
499 702 658 786 pecudum
673 712 762 768 certa
782 702 870 768 salas
882 704 963 787 fait.
1010 703 1057 768 Et
1079 704 1176 784 infra3

173 811 294 874 “Nam
309 833 366 874 car
382 811 560 875 addubitem
575 814 652 896 qaia
666 813 784 876 domiai
800 836 920 898 qaoque
934 815 1057 899 rippam
1071 817 1178 900 prosit

172 924 195 954 “
207 920 289 982 idem
297 929 432 1004 perpete
446 922 571 985 seacula.
610 920 733 986 Faciles
749 933 782 987 et
794 923 881 1007 aequi
894 933 980 988 certe
994 946 1114 1002 sumus,
1138 935 1177 988 ut

170 1033 331 1116 patiamur
356 1054 517 1117 quemque
542 1033 707 1117 indulgere
734 1056 792 1098 suo
817 1035 923 1118 genio,
953 1045 987 1099 et
1013 1035 1177 1099 adhaerere
1249 1051 1262 1079 ⁸

170 1142 328 1223 partibus,
352 1165 426 1226 quae
446 1165 514 1227 prae
538 1143 607 1206 aliis
624 1153 759 1227 possunt
781 1145 815 1208 in
834 1145 894 1209 hac
917 1168 1024 1209 rerum
1046 1145 1177 1209 diversi·

172 1260 239 1313 tate
256 1251 395 1336 placere3
419 1252 517 1316 etiam
539 1252 627 1336 ligno
645 1264 679 1317 et
695 1253 801 1339 lapide
823 1278 865 1318 ex
886 1256 1018 1319 arbitrio
1036 1278 1094 1320 suo
1115 1257 1176 1322 uti.

173 1358 289 1442 Itaque
305 1383 365 1424 nec
382 1362 490 1426 mirari
509 1362 586 1426 licet
607 1385 674 1426 esse
695 1386 793 1428 vanos
811 1375 844 1428 et
861 1365 992 1429 miseros
1011 1366 1176 1450 quosdam,

174 1469 289 1551 quibus
318 1493 471 1555 magnum
496 1483 695 1537 momentum
718 1475 753 1537 in
777 1496 816 1537 eo
839 1475 982 1558 positum
1007 1484 1066 1552 est,
1091 1474 1179 1558 quod

172 1581 301 1645 numme
325 1584 437 1666 opinor
461 1583 629 1646 credidisse
651 1583 815 1647 Pithaeum
836 1584 1028 1647 considerari
1048 1584 1176 1658 debere,

172 1690 228 1752 sed
243 1690 376 1773 dignum
391 1712 458 1753 esse
474 1691 561 1773 quod
581 1700 708 1754 extaret
724 1701 856 1775 propter
866 1693 1062 1776 praedulcem
1077 1693 1177 1757 totius

171 1798 321 1860 carminis
334 1807 524 1861 contextum
539 1808 573 1861 et
586 1798 735 1861 notitiam
749 1799 843 1862 istius
857 1801 1035 1863 vetustatis
1082 1799 1178 1862 Certe

172 1907 261 1990 quod
278 1908 318 1970 ad
332 1908 428 1971 verba
441 1907 506 1983 illa,
528 1916 657 1970 nonest
676 1907 728 1970 hic
750 1907 900 1971 collector
914 1908 965 1971 vel
984 1908 1106 1992 primus
1121 1909 1178 1992 qui

171 2016 207 2078 in
222 2038 261 2078 ea
274 2017 374 2079 aciem
388 2016 545 2092 immittit,
569 2015 619 2079 vel
634 2016 729 2080 solus.
776 2016 908 2081 Etenim
922 2018 944 2079 J
945 2017 996 2080 oh.
1014 2017 1131 2081 Savaro
1143 2019 1178 2081 in

172 2126 398 2195 commentario
413 2126 454 2189 ad
470 2125 638 2189 Sidonium
655 2125 878 2209 Apollinarem
891 2126 947 2191 lib.
966 2147 1018 2190 xm
1034 2126 1128 2211 epist.
1144 2128 1176 2203 3,

172 2237 229 2300 ubi
242 2237 281 2299 de
292 2237 352 2299 hac
363 2258 398 2299 re
409 2235 531 2320 placuit
542 2235 590 2298 illi
601 2246 711 2299 notam
722 2236 880 2319 integram
892 2236 1050 2318 colligere,
1067 2235 1177 2299 citavit

174 2367 301 2429 quoque
313 2345 383 2429 ipsa
394 2344 465 2408 haec
473 2345 569 2408 verba
580 2344 747 2408 nominans
759 2343 975 2408 Endelichum
986 2343 1175 2408 Rhetorem.

175 2455 239 2518 Sed
263 2456 350 2540 quod
372 2455 473 2538 magis
496 2455 537 2518 ad
559 2454 668 2518 lumen
688 2453 785 2539 hujus
809 2454 956 2517 carminis
982 2463 1016 2517 et
1038 2453 1177 2517 auctoris

172 2563 259 2642 facit,
282 2565 317 2628 in
339 2565 402 2628 ista
425 2563 636 2627 Bibliothecae
658 2564 727 2648 ejus
751 2563 890 2627 editione
914 2573 1003 2626 tomo
1025 2561 1078 2626 VI
1101 2583 1175 2645 pag.

174 2673 238 2736 376
247 2673 490 2758 praemittuntur
502 2673 556 2735 isti
565 2671 696 2734 carmini
707 2681 781 2754 post
789 2681 979 2755 conceptum
990 2670 1037 2732 ita
1045 2667 1178 2733 titulum

174 2781 285 2846 Seueri
298 2783 449 2860 Rdetoris
464 2791 496 2845 et
515 2782 626 2845 Poeta
646 2781 823 2843 Christiani
840 2781 974 2842 Carmea
991 2778 1178 2841 Bucolicum

173 2891 245 2954 haec
265 2891 376 2955 verba:
399 2891 436 2955 Is
457 2900 504 2955 est
523 2888 750 2963 Eadeleclrias,
774 2889 862 2971 cujas
879 2889 998 2950 momita
1021 2887 1179 2949 Paaliaas

172 2996 322 3064 Nolaaas
339 3001 494 3085 Epistola
513 3001 597 3064 moad
612 2999 656 3062 ad
670 2998 848 3082 Samiciam
868 2998 950 3060 dicit
969 2998 1178 3080 rescripsisse

173 3110 406 3196 Paaeppm’cam
426 3111 598 3175 Theodosio
620 3096 831 3193 Imperatori:
861 3108 942 3171 liam
965 3108 1075 3172 Paetis
1096 3108 1179 3170 Ora-

176 3221 293 3283 toribus
303 3221 495 3290 ¹Ciuistiam‘s
510 3218 941 3283 aaaameraritPosseamas:
956 3216 1048 3300 lajas
1061 3239 1181 3301 qaoque

174 3327 306 3392 liabetur
319 3332 435 3394 meatio
449 3333 485 3394 im
501 3330 615 3394 Codice
630 3329 763 3412 quodam
777 3327 985 3391 Bibliotheca
1002 3327 1033 3389 V
1028 3328 1176 3390 aticaace.

180 3437 257 3501 Vide
273 3439 472 3502 Sirmoadmm
486 3442 521 3502 ia
535 3441 617 3502 matis
632 3439 676 3502 ad
688 3438 871 3522 Epistulam
886 3438 906 3501 8
926 3438 1001 3503 libri
1015 3439 1038 3500 4
1053 3437 1179 3501 Sidonii

174 3546 385 3630 Apoliiaaris.
432 3546 496 3610 His
519 3546 635 3611 similia
659 3569 759 3631 quum
784 3569 827 3610 ex
850 3546 983 3610 eruditis
1007 3546 1069 3609 illis
1093 3546 1178 3609 notis

174 3655 326 3720 haberem
338 3667 500 3742 excerpta,
519 3667 627 3720 temen
639 3657 780 3721 incidens
792 3657 826 3718 in
837 3655 919 3719 hanc
932 3654 1176 3731 Bibliothecam,

174 3765 263 3830 nolui
277 3776 335 3830 aut
348 3767 488 3830 invidere
502 3765 549 3830 illi
564 3776 621 3830 aut
635 3767 698 3830 ista
711 3765 918 3848 supprimere.

241 3876 328 3941 Nam
359 3899 460 3962 quum
493 3878 527 3940 in
557 3874 703 3941 omnibus
733 3873 946 3938 anterioribus
976 3882 1102 3935 tantum
1130 3872 1180 3935 in-

175 3985 356 4069 telligamus
376 3987 495 4064 iterari,
523 3987 610 4070 quod
632 4007 716 4049 unus
741 3983 868 4046 dixerat
892 3981 1001 4045 statim
1020 3981 1055 4044 in
1075 3981 1179 4065 primo

175 4095 322 4160 carminis
336 4097 433 4183 hujus
448 4106 580 4161 extortu
596 4094 668 4158 Pet.
692 4092 851 4170 Pithaeus3
875 4115 940 4155 non
960 4092 1067 4175 aliqua
1087 4101 1179 4176 parte

175 4206 275 4290 magis
295 4208 489 4273 revelaretur
513 4207 609 4291 hujus
635 4203 744 4270 Severi
770 4202 910 4267 conditio
934 4212 990 4267 ant
1017 4211 1095 4265 aetas
1122 4210 1179 4263 aut
