2706 5040
472 1749 589 1800 NOTAE
618 1750 668 1799 AD
696 1751 884 1801 TITULUM.

224 1905 397 1973 SEVER1.]
418 1904 507 1955 attilii
519 1905 571 1955 sive
587 1905 682 1957 cacssii
697 1905 792 1965 Severi,
807 1909 890 1969 podtoe
902 1902 1046 1963 Christiani,
1062 1901 1109 1952 sub
1123 1903 1176 1955 Va-

172 1996 310 2047 lentiniano
330 1996 450 2060 Augusto
466 1994 583 2045 meminit
599 2011 630 2044 ex
652 1995 795 2059 Sophronio
812 1993 944 2058 Gyraldus,
971 1993 1012 2057 (de
1028 1997 1096 2056 podt.
1114 1992 1174 2042 hist.

172 2086 229 2136 dial.
243 2088 267 2136 5.
281 2085 326 2135 fol.
337 2086 411 2146 212.)
448 2084 499 2134 Hic
510 2100 569 2135 vero
581 2092 675 2143 noster,
693 2091 722 2134 ut
733 2083 839 2142 videtur,
856 2081 989 2145 antiquior,
1007 2088 1033 2130 et
1044 2080 1093 2128 nisi
1104 2080 1176 2129 valde

172 2174 290 2234 fallimur,
309 2174 469 2239 Aquitanas:
495 2173 568 2238 cujus
587 2188 686 2222 carmen
702 2172 768 2221 Eliae
788 2170 878 2225 Vineti
896 2169 1023 2229 Santonis,
1046 2169 1135 2233 optimi
1151 2176 1177 2218 et

173 2264 312 2314 doctissimi
327 2264 403 2323 senis,
422 2262 546 2313 beneficio
565 2263 692 2317 debemus.
735 2262 858 2312 Pithoeus.
906 2260 981 2320 Quod
999 2268 1132 2310 annotatur
1150 2260 1177 2308 in

173 2352 282 2402 editione
293 2353 358 2402 Ant.
372 2351 486 2410 Candidi,
499 2367 565 2401 anno
579 2351 726 2400 l596.-W.
755 2349 799 2399 De
809 2349 921 2399 mortibus
932 2348 1022 2414 boun]
1060 2348 1125 2399 Cum
1137 2348 1177 2396 his

172 2458 253 2506 operae
265 2441 378 2492 conferre
389 2441 502 2505 precium
517 2448 557 2490 est
571 2440 691 2490 Ovidium
709 2439 816 2489 Metam.
831 2438 898 2490 VII.
915 2454 939 2488 v.
957 2438 1013 2487 523.
1041 2435 1133 2499 Virgil.
1150 2437 1174 2484 3.

176 2532 268 2595 Georg.
285 2547 309 2581 v.
328 2531 386 2581 478.
418 2529 520 2578 Lucret.
538 2528 582 2577 lib.
603 2530 627 2577 6.
666 2528 757 2578 Weitz.
796 2528 846 2577 Sed
864 2527 913 2576 alia
932 2534 971 2576 est
990 2541 1075 2576 eorum
1093 2540 1175 2573 causa.

173 2620 315 2686 Mortibus]
336 2619 376 2669 Ita
387 2617 555 2667 multitudiuis
568 2631 672 2665 numero
681 2632 737 2664 cum
751 2616 848 2667 Graecis
860 2623 913 2665 tum
922 2615 1021 2665 Latinis
1034 2622 1175 2678 usurpatur.

176 2708 282 2758 Homer.
297 2708 389 2771 Odyss.
405 2707 442 2755 12.
464 2722 488 2754 v.
506 2707 562 2754 341.
588 2704 687 2761 πάντες
701 2706 749 2768 μὲν
765 2706 883 2768 στυγεροὶ
897 2705 1018 2755 θάνατοι.
1060 2702 1177 2752 Achilles

176 2797 267 2846 Tatius
284 2796 315 2844 dc
335 2795 447 2858 Clitoph.
470 2801 497 2843 et
515 2792 621 2855 Leucip.
642 2807 719 2840 amor.
734 2791 778 2840 lib.
792 2792 816 2840 4.
839 2795 964 2841 τοσαῦται
983 2797 1035 2842 τῶν
1050 2791 1176 2842 θανάτων

173 2885 310 2935 εἰσὶνὸδοὶ.
335 2885 409 2934 Plato
421 2884 446 2931 iu
458 2886 482 2933 9.
496 2883 526 2931 de
535 2881 610 2944 legib.
622 2881 873 2932 πολλῶνθανάτων
882 2881 1033 2946 τυγχάνειν.
1061 2880 1173 2929 Rursus:

173 2975 310 3040 ἀναιροῦσι
323 2974 457 3031 θανάτοις.
475 2979 501 3021 et
515 2970 648 3020 Alcibiade
660 2986 677 3019 1.
695 2972 755 3029 τοὺς
766 2970 900 3028 θανάτους
911 2972 954 3020 καὶ
967 2969 1056 3035 μάχας
1068 2988 1177 3031 πεποιη-

173 3061 254 3112 κέναι.
285 3063 374 3114 Cicero
383 3064 407 3112 2.
421 3062 452 3110 de
466 3061 550 3111 Finib.
581 3059 713 3110 Praeclarae
724 3060 1050 3124 morteasuntimperatoriae.
1082 3058 1178 3108 Seneca

173 3150 217 3200 lib.
231 3151 241 3198 l
256 3150 286 3199 de
299 3150 424 3201 Clement.
439 3166 461 3198 c.
477 3150 514 3198 18.
541 3147 565 3198 O
576 3148 690 3197 bominem
700 3147 761 3196 mille
772 3146 884 3196 naortibus
895 3147 1006 3212 diqnum!
1038 3146 1076 3196 Et
1087 3153 1175 3209 quaest.

174 3247 224 3288 nat.
244 3254 297 3301 cap.
311 3253 329 3286 1.
354 3236 388 3286 Ut
399 3239 517 3286 existimes
527 3235 598 3285 Deos
608 3236 717 3284 mortium
727 3236 796 3300 siquo
804 3235 955 3299 praemittere.
985 3232 1068 3284 Tacit.
1082 3235 1106 3283 3.
1117 3233 1177 3282 hist.

178 3325 251 3376 Omni
261 3327 363 3390 inopine
372 3326 487 3374 mortium.
526 3323 598 3387 virg.
614 3325 652 3372 lo.
666 3322 770 3372 AEneid.
784 3339 807 3371 v.
821 3324 877 3372 854.

365 3437 443 3478 Omnes
453 3448 495 3491 per
507 3441 587 3478 mortes
599 3437 693 3480 animam
705 3441 786 3477 sontem
798 3436 846 3489 ipae
859 3437 972 3481 dediscens.

175 3551 270 3601 Lucan.
289 3550 334 3601 lib.
348 3553 372 3602 7.
389 3566 453 3601 vers.
469 3552 525 3601 618.

362 3662 496 3714 Impendisse
506 3663 572 3714 podet
585 3661 689 3703 lacrimas
701 3663 725 3703 in
732 3663 814 3714 funere
827 3664 907 3714 mundi,

362 3736 471 3777 Mortibus
483 3737 610 3778 innumeris.

176 3848 335 3899 Justiniauus
345 3848 447 3898 Novell.
461 3851 501 3899 85.
518 3847 627 3900 Volentes
634 3847 768 3913 hujusmodi
774 3847 887 3896 mortibus
894 3847 997 3896 homines
1008 3847 1115 3896 liberare.
1140 3849 1178 3899 Et

173 3935 191 3985 l.
200 3937 238 3987 17.
250 3936 277 3985 ff.
286 3937 317 3985 de
326 3937 498 4000 sponsalibus:
517 3936 611 3985 Mortes
617 3937 761 4000 parentium.
788 3934 845 3984 Lat.
858 3935 918 3984 Pac.
930 3935 1041 4000 Drepan.
1053 3937 1175 4002 Panegyr.

173 4023 218 4073 Dc
229 4027 334 4074 virorum
344 4025 456 4074 mortibus
467 4025 568 4088 loquor?
592 4023 631 4074 Et
641 4039 713 4072 mox:
739 4023 789 4082 Qui
799 4022 931 4073 obtulerunt
943 4026 1055 4075 mortibus
1067 4035 1175 4092 pectora.

177 4111 304 4161 Saresber.
317 4112 361 4161 lib.
372 4114 395 4162 6.
415 4129 437 4161 c.
452 4115 476 4162 3.
511 4111 548 4160 Et
560 4113 659 4176 quisquc
670 4119 755 4160 mortes
767 4111 827 4161 mille
837 4113 902 4162 circa
914 4121 1018 4178 tempora
1031 4131 1075 4163 sua
1087 4116 1179 4165 crrdssc

172 4197 298 4263 ploriatur.
333 4200 437 4250 Petrou.
458 4200 531 4251 Satir.
557 4199 663 4264 Inquina
681 4198 740 4248 milo
749 4201 804 4264 jam
817 4201 930 4250 mortibus
939 4202 1045 4267 sripido.
1065 4203 1176 4253 Martial.

174 4300 192 4334 1.
205 4286 270 4350 epig.
284 4287 314 4339 C·
335 4296 420 4338 mortes
431 4297 541 4354 quatuor.
563 4287 601 4339 Et
611 4288 655 4338 lib.
670 4290 693 4338 3.
709 4303 748 4351 ep.
769 4289 809 4338 93.
847 4288 946 4338 Gaudos
957 4289 1069 4339 ducamus
1082 4299 1180 4355 nuptum
